2852 4892
288 421 327 478 78
623 409 858 476 FRAGMENTI
879 411 963 470 ctu.
977 416 1005 470 2.

289 585 378 659 sunt3
411 571 498 666 qaod
526 581 564 642 ut
584 593 681 663 posse
703 569 866 656 videatur,
888 571 1029 646 eliciunt
1048 572 1154 645 flexus
1177 571 1351 666 obliquita-

287 703 401 783 tesque
421 699 588 760 terrarum.

374 804 487 894 Incipit
508 801 639 892 signiter
658 824 725 874 noa
747 803 787 870 ab
810 813 955 877 extremo
987 802 1107 878 circndo
1133 826 1197 874 nec
1224 803 1267 872 ad
1289 827 1349 874 ex-

289 932 429 990 tremum
449 919 657 1008 pertenditur,
678 917 737 988 sed
757 919 799 989 ah
821 921 886 988 iano
909 919 1033 1010 tropico
1060 918 1192 989 australi
1216 920 1349 988 bmmu-

264 1036 377 1128 alique
399 1033 514 1104 eodem
534 1057 595 1124 pes
616 1033 884 1124 aequinoctialem
904 1034 948 1100 nd
967 1057 1130 1105 summum
1146 1033 1348 1104 solstitialem

289 1153 491 1240 eandemque
521 1147 708 1219 aestivalem
737 1172 797 1238 per
828 1150 970 1222 medlum
1001 1148 1207 1240 longitudinis
1237 1149 1348 1221 latitu-

287 1267 436 1356 dinisque
468 1271 636 1354 porrectus
675 1261 851 1354 obliquum.
906 1263 1027 1338 Circuli
1058 1265 1202 1354 signileri
1235 1276 1374 1356 postest

288 1377 458 1461 CCCLX,
491 1378 584 1468 signe
609 1377 781 1450 duodecim
810 1378 950 1469 partium
980 1377 1107 1470 singula
1140 1380 1346 1463 tucenarum,

289 1519 427 1590 quonum
455 1492 615 1586 quaedam
642 1493 783 1574 minora,
816 1495 976 1586 quaedam
1004 1491 1158 1585 ampliora
1187 1504 1221 1567 et
1240 1496 1265 1581 ἰ
1286 1518 1347 1586 po·

250 1636 277 1678 ιο
289 1611 497 1703 ploeanalora
518 1608 681 1678 dicuntur:
703 1605 762 1675 sed
776 1610 984 1697 conpensatio
998 1609 1138 1699 quinquo
1152 1619 1260 1700 partes
1275 1634 1346 1678 ore·

288 1728 373 1795 ditur
393 1723 564 1814 adplicane‚
584 1731 621 1790 ut
641 1721 706 1790 sint
725 1743 838 1788 omnes
859 1721 1000 1812 signileri
1020 1732 1127 1814 partes
1150 1722 1345 1794 CCCLXV.

287 1841 414 1910 Horum
433 1835 616 1927 incipientia
638 1835 677 1901 ab
700 1837 799 1901 ariete
825 1835 925 1903 altera
951 1846 1026 1904 sunt
1046 1838 1069 1923 †
1091 1837 1277 1905 masculinis
1299 1841 1346 1907 le·

287 1957 414 2024 ntininis
434 1949 653 2022 masculorum
673 1949 888 2034 naturalibus,
916 1951 978 2018 alia
1006 1953 1196 2019 feminarum
1224 1975 1345 2020 conve·

287 2073 415 2142 nientia.
456 2069 536 2136 item
558 2075 709 2157 quartum
731 2065 880 2156 quodque
900 2089 1013 2137 eorum
1029 2077 1085 2135 aut
1102 2067 1272 2156 tropicum,
1290 2077 1370 2136 autu

249 2184 436 2265 insolidum,
459 2192 515 2248 aut
536 2181 678 2248 bilonne.
710 2179 841 2271 incipiet
852 2180 1063 2248 dinumeratio
1080 2179 1120 2246 ab
1133 2183 1242 2264 atlete,
1257 2183 1344 2273 quod

288 2301 414 2390 signum
435 2298 595 2387 tropicum
618 2304 675 2362 est
719 2295 916 2384 tropicorum
943 2294 1006 2361 duo
1028 2304 1104 2361 sunt
1125 2297 1342 2386 aequinoctia-

285 2415 341 2496 lia,
362 2413 452 2479 ories
473 2408 616 2493 uthina,
639 2409 702 2478 duo
724 2407 911 2493 solstitialia,
933 2411 1139 2500 cepticomus
1162 2419 1195 2478 et
1216 2432 1344 2496 cancer,

286 2528 416 2622 tropicis
435 2526 588 2612 proxima
611 2523 722 2608 solida,
745 2525 924 2616 anteposita¹
944 2523 993 2592 his
1016 2525 1170 2593 lilomtia.

285 2739 305 2792 2
324 2737 396 2792 Post
414 2741 554 2789 terrarum
573 2727 638 2788 odd.
658 2728 856 2788 antidnthoneo
875 2729 952 2789 idem
972 2737 1112 2789 autoeooe
1131 2732 1323 2791 nominantur.

286 2817 304 2870 s
325 2819 354 2868 et
373 2808 482 2887 populo
502 2805 516 2838 *
535 2807 668 2862 dicuntur
752 2809 790 2864 12
810 2805 901 2866 altera
921 2815 987 2864 sunt
1006 2806 1165 2865 masculine
1185 2805 1279 2865 altera
1296 2809 1340 2866 fe=

285 2886 393 2942 minine
412 2893 442 2942 et
459 2881 617 2940 masculine
638 2881 755 2958 quidem
777 2883 969 2942 masculorum
987 2881 1131 2943 natalibus
1230 2887 1268 2944 15
1289 2885 1340 2944 de·

284 2963 378 3019 somne
455 2959 651 3016 denumeratio
730 2963 767 3018 18
788 2958 937 3018 deformia.

286 3129 302 3183 1
325 3127 358 3180 ut
376 3139 437 3179 esso
453 3118 511 3178 old.
532 3138 555 3176 a.
576 3125 609 3176 ut
624 3137 710 3195 posse
727 3117 790 3191 {ieet
808 3117 866 3176 old
887 3121 962 3176 coni.
985 3119 1094 3177 Caucis.
1168 3116 1341 3195 tophum

285 3201 400 3267 Dran,
419 3197 454 3256 ol·
473 3199 574 3254 intimo
592 3197 664 3273 Rps,
683 3195 719 3254 ol
737 3197 824 3254 onae
865 3195 998 3254 ‚chime
1011 3197 1093 3255 Com.
1153 3199 1342 3274 dloopttudo

284 3281 317 3336 in
334 3275 382 3336 ltie
402 3273 616 3348 latitudinisque
633 3271 697 3351 Dp,
721 3275 753 3331 io
772 3272 818 3330 hie
843 3215 989 3347 latapitudo
1015 3273 1190 3351 latitudoque
1208 3295 1233 3334 a.
1259 3277 1342 3335 Haec

281 3358 330 3413 nix
350 3371 431 3412 sana.
507 3355 527 3410 7
549 3349 690 3425 otttqooo
708 3370 731 3407 s.
809 3354 883 3426 llpc
905 3347 1071 3420 banalem
1089 3349 1126 3420 D,
1144 3351 1233 3428 poplo
1253 3371 1343 3411 cono-

284 3431 354 3504 foro
373 3431 414 3497 tt,
432 3428 591 3506 poploouno
611 3445 644 3503 g,
664 3427 771 3503 populo
792 3368 954 3502 concolora
974 3444 998 3483 s.
1020 3422 1246 3505 noluoea'popo
1266 3431 1342 3486 coni.

285 3506 442 3564 Cauchius.
501 3509 538 3561 10
555 3503 720 3580 pastilam.
760 3507 793 3562 11
816 3501 1017 3579 adplicaeiDs.
1077 3509 1114 3562 12
1128 3505 1342 3581 Exhibuiquae

284 3585 419 3658 leguntur
442 3582 472 3636 in
490 3580 578 3712 ΒΒῗ,
601 3581 657 3637 nisi
682 3579 760 3655 quod
780 3580 826 3656 ng
849 3587 876 3638 ot
902 3587 969 3637 ante
992 3597 1081 3638 mua.
1107 3581 1227 3638 addunt.
1249 3601 1264 3638 s
1289 3583 1342 3640 itas

285 3659 434 3718 eliceant
451 3669 551 3712 ιιιιιιοιι
564 3674 647 3713 otum
664 3654 820 3725 mutuos,
838 3655 900 3715 olio
913 3654 1096 3728 feminarum.
1121 3658 1272 3717 Sententia
1283 3659 1342 3716 tolo

285 3734 357 3814 quid
375 3731 516 3811 postulat:
537 3732 646 3788 alterae
666 3733 721 3809 (ita
741 3731 899 3805 Cauchius)
925 3739 996 3790 eunt
1018 3733 1180 3792 masculino
1197 3734 1342 3794 moulo-

283 3829 348 3870 rum
366 3807 526 3877 natalibus,
550 3807 660 3866 eterno
678 3806 815 3879 [missino
832 3807 1003 3881 fontaneum
1021 3813 1226 3868 conomiontio.

284 3890 448 3965 llportum
458 3886 487 3942 in
498 3903 556 3960 mg.
574 3891 707 3959 pacemne
717 3885 753 3943 R.
813 3903 919 3964 quoquo
928 3887 999 3962 ttgs.
1058 3890 1096 3946 15
1107 3886 1232 3960 desem
1241 3887 1341 3963 DRgs.

282 3963 401 4037 bitom
423 3981 496 4020 corr.
518 3959 662 4018 Cauchius
686 3961 831 4029 Numen,
858 3974 889 4020 ut
913 3973 992 4021 recte
1017 3972 1112 4022 exstat
1130 3984 1155 4024 e.
1173 3967 1201 4032 3,
1215 3969 1243 4024 tl.
1268 3964 1341 4022 Pto·

283 4041 349 4099 lem.
369 4042 471 4100 tetnah.
484 4038 505 4106 l,
519 4042 557 4096 12
578 4031 716 4112 cponmo',
737 4033 855 4114 στερεά,
875 4036 998 4112 discipu
1017 4049 1110 4108 vocnt,
1126 4041 1342 4098 Flanaticmath.

282 4117 317 4186 ll,
331 4122 368 4176 12
386 4115 511 4183 mobilia,
530 4111 600 4188 tiso,
619 4113 791 4191 ttooeporso.
859 4121 896 4174 16
915 4115 1248 4192 mquinodialistlileoe
1257 4116 1342 4192 ung.

284 4197 321 4250 18
339 4196 467 4252 maximo
484 4192 568 4268 DRg.
646 4190 783 4262 deformia
801 4191 864 4262 DR,
883 4191 981 4264 defore
1000 4211 1028 4268 g.
