2852 4892
175 363 177 368 ’
287 393 326 452 ιι
366 405 372 417 ·
589 391 641 450 nu
660 391 726 450 nau
746 365 893 452 narni
914 379 1059 456 caan.

286 555 414 643 gisum,
435 571 495 641 pro
517 552 606 618 utin
627 551 762 644 siugulis
783 553 825 622 sit
847 552 929 622 caeli
948 553 989 622 ad
1009 553 1166 624 ououhun
1186 552 1348 638 firnwrenr

285 667 457 748 inclinatio,
476 663 563 756 quod
584 674 720 734 vocatur
740 665 844 736 elima.

293 793 296 800 '
369 780 437 850 sed
460 779 539 848 lieet
562 782 680 849 veritas
708 782 742 848 in
769 781 908 849 obscuro
935 781 1049 866 lateat,
1077 785 1241 852 tamenin
1263 798 1374 854 una-5

286 917 414 988 quaque
437 894 566 962 civitate
589 917 672 984 quae
683 897 747 962 sint
758 895 916 968 naturalia
931 896 1071 980 saecula²
1085 897 1215 965 rituales
1229 898 1347 966 Etrus-

258 1033 397 1079 ssorum
421 1009 493 1078 libn‘
520 991 669 1078 videntur
691 1009 818 1093 docere,
838 1011 871 1078 in
891 1014 962 1103 quis
979 1013 1133 1102 scripturn
1152 1036 1226 1080 esse
1243 1015 1347 1080 fertur

282 1126 371 1194 initia
388 1125 435 1192 sic
456 1123 532 1213 poni
551 1121 767 1193 saeculorum.
793 1189 796 1194 ,
812 1148 877 1217 quo
900 1126 952 1194 die
973 1125 1068 1196 urbes
1087 1135 1183 1216 atque
1197 1127 1345 1194 civitates

283 1239 567 1321 constituerentur,
595 1236 637 1307 de
663 1236 713 1309 his
744 1239 798 1329 qui
826 1260 865 1306 eo
893 1241 946 1311 die
972 1241 1039 1308 nati
1061 1249 1171 1308 essent
1190 1263 1266 1308 eum
1290 1244 1345 1334 qui

282 1353 459 1422 diutissime
478 1353 615 1420 vixisset
630 1351 681 1420 die
699 1355 811 1423 mortis
829 1378 908 1422 suae
923 1355 1018 1443 primi
1034 1353 1157 1422 saeculi
1172 1355 1344 1424 modulum

281 1465 380 1549 linire,
400 1491 505 1560 eoque
527 1467 578 1534 die
600 1468 655 1559 qui
676 1478 786 1537 essent
806 1468 921 1560 reliqui
940 1470 974 1536 in
997 1469 1135 1552 civitate,
1156 1469 1196 1536 de
1209 1469 1343 1538 hisrur·

239 1607 268 1648 ro
280 1605 353 1654 sum
375 1583 443 1650 eius
464 1592 610 1662 mortem,
626 1582 686 1671 qui·
695 1581 918 1673 longissimam
935 1591 1075 1652 suanm
1092 1583 1220 1672 egisset,
1242 1583 1341 1652 finem

279 1719 352 1764 esse
379 1695 501 1764 saeculi
525 1695 667 1765 secundi.
719 1697 766 1766 sic
797 1698 949 1788 deinceps
980 1707 1107 1788 tempus
1130 1697 1341 1790 >reliquorum

277 1811 449 1879 terminari.
492 1809 550 1876 sed
573 1811 714 1900 eoquod
728 1812 914 1901 ignorarent
928 1810 1084 1894 homines,
1098 1823 1248 1903 portenta
1258 1817 1341 1882 mitti

278 1925 439 2008 divinitus,
467 1924 581 2016 quibus
612 1924 862 1996 admonerentur
888 1926 1142 2018 unumquodque
1170 1929 1340 1996 saeculum

279 2064 351 2111 esse
371 2039 504 2108 linitum.
553 2037 644 2109 Haec
671 2050 821 2130 portenta
841 2040 970 2110 Etnrsci
991 2063 1050 2132 pro
1072 2039 1246 2134 haruspicii
1273 2045 1366 2112 dis-6

239 2177 265 2218 ra
279 2155 480 2246 cipliuaeque
513 2181 591 2224 suae
623 2159 737 2248 peritia
770 2155 940 2246 diligenter
972 2155 1144 2224 observata
1172 2159 1207 2224 in
1238 2158 1338 2226 libros

276 2268 462 2337 retulerunt.
506 2271 615 2356 Quare
635 2273 668 2338 in
684 2271 800 2338 Tuscis
820 2270 969 2353 historiis,
988 2294 1071 2362 quae
1087 2280 1202 2338 octavo
1221 2296 1336 2340 eorum

276 2383 406 2456 saeculo
428 2385 567 2476 scriptae
588 2396 673 2468 sunt,
694 2395 731 2452 ut
747 2386 853 2454 Varro
876 2393 1022 2466 testatur,
1045 2393 1078 2450 et
1099 2395 1177 2475 quot
1198 2410 1344 2455 numero

176 2517 178 2522 ’
275 2498 405 2567 saecula
427 2501 457 2566 ei
478 2501 566 2590 genti
588 2500 663 2568 data
684 2502 747 2567 sint
768 2508 802 2566 et
822 2507 1057 2565 transactorum
1073 2500 1197 2589 singula
1214 2513 1337 2591 quanta

276 2615 394 2682 luerint
415 2614 569 2708 quibusve
593 2616 724 2684 ostentis
747 2637 860 2682 eorum
882 2614 986 2680 exitus
1009 2613 1166 2704 designati
1181 2617 1336 2684 sintcon-

237 2733 405 2800 sinuetur.
448 2733 557 2823 itaque
578 2733 733 2823 seriptum
756 2738 805 2798 est
828 2737 979 2822 quattuor
999 2729 1102 2820 pn'ma
1123 2729 1254 2798 saeerrla
1275 2755 1337 2798 an·
1382 2729 1386 2742 '

273 2929 293 3011 2
312 2921 406 2998 κλίμα

274 3108 440 3165 sonnatio
460 3107 499 3164 la.
557 3107 645 3166 lest.
667 3109 799 3176 v.11‚6.
864 3103 970 3164 otton
990 3124 1045 3162 orn.
1066 3104 1124 3180 glo.
1188 3107 1225 3161 10
1244 3105 1337 3177 enisa.

276 3190 331 3242 net.
351 3185 387 3242 R.
472 3189 510 3244 12
529 3201 560 3242 νο
580 3181 654 3261 qood
674 3184 747 3240 coni.
767 3183 876 3242 Manat.
961 3181 1103 3252 honours,
1123 3186 1234 3256 potore,
1253 3187 1335 3255 port.

276 3263 350 3319 osni.
364 3262 469 3338 Nagel.
489 3264 519 3320 in
538 3281 635 3339 progr.
649 3259 751 3317 Altorl.
766 3259 850 3319 1754.
919 3259 957 3317 14
976 3257 1112 3316 Valesius
1133 3255 1265 3314 ernendd.
1278 3255 1336 3324 1v‚

276 3343 314 3397 13
334 3339 383 3397 eft.
403 3339 480 3398 Plut.
505 3340 579 3397 Sull.
599 3343 618 3398 7
637 3355 667 3414 p.
683 3337 754 3398 456:
785 3335 952 3410 Τυρρηνῶν
977 3328 1005 3390 oi
1031 3327 1128 3410 λόγιοι
1153 3326 1337 3408 μεταβολὴν

275 3405 381 3496 ἓτίροο
406 3413 512 3492 γένους
536 3410 743 3491 ἀπεφαίνοντο
768 3409 819 3470 καί
846 3405 1077 3485 μετακόσμησιν
1109 3401 1337 3482 ἀποσημαίνειν
1417 3411 1418 3476 l

276 3487 311 3549 τό
332 3489 432 3566 τέρας.
459 3484 535 3550 εἶναι
554 3489 611 3566 μὲν
631 3485 690 3567 γὰρ
712 3483 793 3548 ὄντα)
813 3483 851 3547 τὰ
867 3483 1031 3562 σόμποντα
1049 3479 1120 3562 yion
1141 3481 1337 3560 διαφέροιντο

276 3571 341 3634 τοϊς
359 3565 441 3641 βίοις
464 3565 513 3626 καί
536 3575 598 3635 τοῖς
624 3565 735 3642 ἤθεσιν
760 3559 919 3640 ἀλλήλων,
944 3556 1064 3644 ἕκόοτφ
1091 3558 1124 3620 ‹l'
1145 3556 1337 3639 ἀφωρίσθαι

272 3639 395 3720 χρόνων
413 3638 551 3718 ἀριθμόν
567 3637 630 3704 όπὸ
651 3645 706 3702 τοῦ
725 3643 804 3700 θεοῦ
825 3637 1107 3734 συμπεραινόμενον
1121 3635 1337 3710 ἓνιουτοῦμε-

152 3749 154 3754 ·
274 3718 373 3797 μόλον
393 3715 538 3800 περιόδῳ,
559 3720 608 3778 καί
629 3717 704 3780 όταν
725 3713 804 3794 nilon
825 3721 885 3816 opp
905 3716 991 3787 τέλος
1010 3713 1117 3792 ετίρος
1130 3711 1338 3792 ἐνισταμένης

273 3795 432 3858 κινεῖσθαί
454 3815 483 3854 τι
503 3801 628 3875 σημεῖον
649 3793 681 3856 ἐκ
700 3790 795 3873 piel}
816 3797 949 3869 οορανοῦ
966 3787 1159 3870 θαυμάσιον.
1181 3794 1229 3851 Cs.
1243 3795 1335 3854 Suid.
1417 3843 1418 3870 p

274 3899 298 3935 s.
318 3898 344 3935 v.
373 3870 503 3943 Σύλλας.
540 3878 624 3944 Quae
651 3894 715 3932 curn
737 3883 837 3932 nostro
859 3893 917 3930 non
940 3893 1059 3952 prorsus
1085 3871 1275 3930 consentiunt.
1306 3893 1335 3930 v.
1417 3927 1418 3930 ,

273 3955 387 4014 Miiller.
407 3954 468 4010 Etr.
489 3953 514 4009 ll
533 3974 563 4032 p.
574 3956 630 4012 335
642 3971 706 4029 sqq.
767 3952 805 4012 14
823 3951 1064 4026 disciplinaoqooe
1073 3949 1109 4006 D.
1175 3951 1212 4006 17
1235 3951 1337 4008 Varro
1417 3957 1418 4024 ᾗ

271 4033 300 4087 in
321 4033 393 4090 libro
413 4031 450 4089 de
470 4031 603 4098 saeculis,
623 4049 708 4107 quern
728 4029 813 4090 affert
833 4030 913 4088 Sero.
934 4027 974 4086 ad
994 4027 1074 4102 Virg.
1087 4029 1159 4083 Aen.
1174 4023 1249 4093 VIII,
1260 4029 1335 4084 526.
1417 4045 1418 4056 ¹

270 4109 343 4164 Eum
364 4109 562 4184 antiquitatum
587 4107 772 4165 humanarum
797 4125 885 4164 unum
908 4104 999 4164 fuisse
1024 4104 1188 4182 suspicatur
1205 4103 1335 4161 Merkel.

270 4183 309 4242 ad
329 4184 414 4243 ovid.
434 4185 502 4243 last.
523 4205 554 4262 p.
569 4184 686 4242 LXXV.
770 4182 846 4258 qnod
864 4181 901 4238 D.
