2852 4892
259 345 269 374 ⁸
296 411 335 466 oo
593 405 646 464 DE
665 403 731 464 Dlli
751 402 898 466 miram
918 406 1059 468 CAP.20.

270 573 275 610 ³
296 567 350 634 irio
371 565 433 634 xil
449 557 529 634 ¹faeti
548 559 624 635 sunt
642 583 773 636 menses
797 577 829 635 et
851 567 918 636 dies
932 567 1091 653 CCCLV,
1114 570 1262 661 quamvis
1278 568 1353 636 luna

295 681 357 750 Xll
378 683 445 750 sais
467 682 632 750 mensibus
651 681 823 751 CCCLllll
843 684 910 751 dies
923 677 1094 752 videbantr
1113 682 1257 774 explere.
1296 685 1352 750 sed

295 807 331 864 ut
355 819 441 864 nnus
470 799 538 864 dies
568 797 759 879 abundaret,
787 807 842 864 aut
868 819 927 888 per
943 799 1200 890 imprudentiam
1227 798 1351 880 accidit,

294 921 359 994 eut,
382 913 469 1003 quod
490 914 594 1003 magis
617 913 723 995 eredo,
747 935 785 980 ea
800 905 1025 1003 superstitione
1037 932 1106 1005 qua·
1117 915 1222 1002 Impar
1236 934 1351 980 nurne-

267 1049 348 1096 ⁵ros
368 1027 485 1120 plenus
508 1037 549 1094 et·
560 1029 663 1118 magis
677 1029 808 1094 lansius
823 1027 1011 1096 habebatur.
1056 1031 1153 1097 Certe
1171 1027 1213 1094 ad
1231 1023 1375 1097 annums

292 1142 432 1232 priorem
452 1165 535 1209 unas
559 1151 592 1209 et
611 1133 842 1232 qttiriquaginta
864 1140 931 1210 dise
953 1149 1175 1226 accessermrt3
1198 1143 1254 1232 qui
1276 1142 1350 1232 quia

293 1277 421 1324 menses
445 1256 508 1323 duo
529 1279 595 1325 non
618 1241 803 1350 explerent,
823 1278 884 1324 sex
903 1251 966 1324 illis
987 1255 1259 1324 noviomensibus
1284 1256 1350 1322 dies

217 1351 221 1358 ²
291 1379 367 1436 sant
388 1369 505 1461 singuli
526 1371 660 1442 detracti
680 1383 713 1442 et
734 1373 775 1440 ad
798 1396 854 1440 eos
877 1371 990 1454 additi,
1003 1371 1142 1461 laetique
1162 1371 1229 1436 dies
1247 1369 1350 1452 LVII,

293 1494 389 1552 etex
410 1483 459 1553 his
482 1486 546 1554 duo
567 1509 706 1570 menses,
727 1485 890 1554 lanuarias
912 1486 1127 1575 undetriginta
1140 1480 1275 1570 diarum,
1289 1486 1350 1554 Fe-

251 1599 436 1668 robraarius
456 1601 703 1692 duodetriginta.
725 1639 729 1647 ν
748 1613 844 1693 atque
865 1604 911 1670 ita
933 1598 1196 1668 omnes'rnenses
1212 1599 1302 1690 pleni
1319 1611 1350 1668 et

288 1716 391 1804 inpari
414 1715 538 1782 dierum
559 1737 694 1785 numero
713 1721 790 1782 'esee
802 1726 991 1806 eoepemnt‚
1010 1710 1148 1806 excepto
1163 1709 1349 1798 Febmario,

289 1829 344 1918 qai
365 1827 453 1896 solus
476 1851 579 1898 eavus
599 1839 633 1897 et
652 1822 778 1897 ob'ho'c
805 1833 919 1897 ceteris
938 1831 1115 1896 infaustior
1142 1838 1193 1896 est
1212 1828 1348 1897 habitus.

287 1942 443 2034 Denique·
460 1943 792 2012 eurnvinterealarium
813 1965 956 2012 mensem
967 1945 1090 2035 'viginti
1106 1944 1284 2012 duomrel
1301 1947 1372 2012 vi-li

288 2060 367 2148 ginti
387 2060 484 2124 trium
506 2060 630 2127 dierum
653 2059 781 2126 alternis
804 2059 894 2124 annis
916 2055 989 2126 addi
1011 2058 1195 2150 placuisset,
1214 2069 1252 2126 ut
1268 2059 1347 2128 eivi-

249 2191 275 2230 1⁵
283 2171 331 2238 lia·
350 2195 453 2238 aonias
473 2174 517 2240 ad
539 2173 718 2242 naturalem
741 2183 991 2264 exaequaretur,
1018 2175 1051 2238 in
1079 2193 1192 2240 arenae
1217 2175 1347 2264 potissi·

286 2310 376 2354 mam
393 2286 571 2354 Februario
593 2291 676 2356 inter
695 2287 873 2356 terminalia
895 2297 928 2356 et
955 2285 1146 2378 regifugium
1175 2289 1346 2357 irrtereala·

263 2441 267 2455 ι
286 2413 355 2470 torn
377 2413 436 2485 est,
456 2400 555 2492 idque
578 2403 632 2470 diu
651 2404 772 2471 tactum
794 2403 981 2494 priusquam
998 2405 1171 2470 sentiretur
1184 2425 1286 2471 annos
1302 2405 1346 2472 ei-

285 2513 551 2608 ettesatiqaanto
568 2514 769 2585 naturalibus
793 2542 865 2586 esse
887 2513 1035 2586 maiores.
1080 2517 1178 2604 Quod
1193 2517 1346 2586 delictum

286 2633 558 2723 uteorrigerettr,
570 2627 772 2722 pontilieibos
794 2633 904 2700 datam
917 2633 1085 2724 negotium
1097 2631 1274 2725 eommque
1294 2660 1346 2702 ar-

249 2747 381 2822 eobitrio
409 2747 621 2816 intercalandi
647 2750 727 2815 ratio
758 2750 924 2839 permissa.
973 2749 1040 2818 Sed
1061 2747 1177 2816 horum
1198 2749 1370 2841 plerique?

286 2863 327 2928 ob
348 2863 534 2930 edium.ral
556 2861 701 2952 gratiam,
726 2886 789 2954 quo
811 2860 882 2953 quis
905 2866 1093 2955 magistratu
1119 2866 1212 2930 eitius
1238 2865 1346 2934 abiret

286 2975 444 3044 Meroe
464 2979 651 3066 tingeretur
672 2987 728 3045 aut
748 2975 866 3068 publici
888 2977 1072 3076 redemptor
1093 3001 1134 3044 ex
1156 2979 1231 3044 anni
1248 3003 1345 3071 inag-

283 3089 427 3157 nitudine
454 3091 487 3157 in
509 3090 598 3159 lucro
621 3091 781 3160 damnove
811 3102 913 3175 esset,
939 3093 1011 3183 plus
1041 3094 1187 3159 minusve
1209 3117 1252 3158 ex
1272 3093 1344 3160 libi-

286 3204 360 3275 dine
380 3205 596 3275 intercalando
611 3231 679 3276 rem
695 3209 754 3275 sibi
766 3207 806 3276 ad
823 3207 1048 3298 corrigendum
1061 3207 1246 3294 mandatam
1258 3207 1344 3275 ultro

286 3473 305 3526 2
324 3458 454 3529 videatur
529 3473 548 3532 7
569 3469 641 3528 duos
662 3490 719 3528 non
739 3469 881 3549 inplerent
957 3472 977 3528 8
995 3468 1122 3544 factique
1142 3475 1207 3524 sunt
1227 3466 1290 3526 olias

286 3547 323 3602 13
343 3545 546 3607 interltalarem
625 3552 661 3607 19
682 3547 781 3604 datum
801 3555 845 3606 est
864 3565 929 3624 neg.

285 3791 383 3853 ddies
402 3810 475 3850 aare
494 3794 530 3852 R.
588 3794 741 3853 toenitis
761 3798 888 3872 oeaRg.
946 3795 1149 3855 8LX11DR.
1209 3795 1245 3849 13
1263 3811 1342 3850 awri-

284 3881 364 3930 euarn
383 3869 420 3938 D,
440 3874 576 3930 amasiam
595 3870 660 3948 Rgl.
719 3875 756 3930 16
776 3871 964 3931 interminatio
983 3873 1038 3946 Rg.
1096 3875 1134 3929 18
1151 3868 1285 3926 dilectior
1305 3871 1342 3926 D.

285 3952 321 4005 21
343 3947 388 4005 oel
407 3966 442 4006 ear
462 3950 526 4024 quis
544 3967 619 4024 ntae.
640 3967 667 4025 g.
688 3947 732 4006 oet
748 3967 783 4006 ea
800 3953 910 4024 qtttsta
928 3967 1028 4022 aeram
1047 3950 1094 4003 eit.
1114 3948 1133 4004 l.
1231 3946 1345 4005 ditrttoe

284 4023 372 4082 altirei
381 4023 417 4083 R.
469 4030 506 4082 22
522 4024 678 4100 diutiusque
687 4024 766 4100 fano.
779 4026 871 4100 DRgl.
922 4024 1049 4100 redentor
1059 4024 1095 4091 D,
1106 4023 1293 4096 redemptores
1303 4025 1342 4098 gl.

285 4103 321 4158 23
343 4101 461 4162 ttetdtne
479 4102 664 4162 intercalandi
682 4104 737 4178 R,
796 4101 1017 4161 ermenoarae
1037 4101 1074 4157 D.
1140 4099 1269 4174 ultroque
1288 4101 1344 4158 Dlt

285 4170 327 4249 (in
338 4197 427 4254 marg.
439 4177 567 4258 atroque)
579 4199 606 4258 g,
627 4188 744 4256 atroque
754 4200 790 4246 m,
810 4181 920 4254 utrique
931 4180 950 4236 l.
971 4177 1046 4238 altro
1059 4179 1126 4252 eata
1139 4193 1212 4234 carr.
1222 4177 1342 4234 Laclnn.
