2896 4896
497 439 807 500 PROLEGOMENA.
1118 462 1182 500 xrrr

119 607 327 681 Paramesae
352 604 524 703 nymphae
550 603 617 677 lilio
645 605 783 701 Lycoro
812 605 863 701 (p.
884 604 1004 699 illst]
1030 629 1180 680 narran-

118 743 184 823 tur,
212 734 366 829 quamvis
391 736 518 829 inepta,
544 741 655 805 tamen
684 732 726 804 ad
752 731 906 806 Graecos
933 741 1090 808 auctores
1116 759 1180 807 re-

118 860 265 933 serenda
291 871 380 952 sunt,
407 871 441 934 et
467 861 616 934 fortasse
635 859 892 934 Nicocrates
915 859 972 933 ille
989 859 1119 955 (p87,
1134 863 1178 954 8)

118 1008 239 1060 omnes
265 987 369 1061 hasce
394 987 526 1061 fabulas
554 985 698 1058 tradidit.

116 1113 274 1208 Denique
296 1099 383 1210 quae
410 1115 454 1187 de
480 1116 655 1186 metrica
683 1112 892 1208 disputantur
919 1112 962 1186 ab
990 1116 1180 1208 antiquiore

117 1249 257 1312 auctore
275 1241 379 1335 petita
403 1261 495 1330 esse,
516 1239 574 1312 vel
596 1239 676 1313 inde
695 1239 883 1314 verisimile
907 1249 972 1331 est,
991 1241 1081 1335 quod
1103 1250 1179 1312 tra-

116 1369 272 1458 gicorum
292 1368 503 1462 antiquorum
517 1388 641 1440 versus
654 1365 742 1437 haud
757 1388 886 1461 paucos
904 1365 960 1438 hic
981 1367 1075 1440 solus
1097 1389 1179 1440 ser-

115 1494 224 1582 vavit,
245 1515 356 1589 neque
372 1495 575 1589 scriptorem
593 1492 760 1564 Lucano
781 1495 1010 1566 recentiorem
1031 1493 1176 1568 adhibet.
1197 1485 1199 1490 ⁴

114 1618 1177 1694 EumauctoremGaesiumBassumesseLachmannus

116 1748 320 1840 suspicatur,
337 1749 393 1842 qui
420 1745 498 1817 alibi
520 1747 711 1820 accuratius
733 1747 776 1820 de
797 1747 862 1820 hac
882 1771 922 1820 re
943 1748 1092 1822 dicturus
1113 1757 1181 1835 est.

192 1871 292 1956 Quod
320 1895 421 1968 supra
448 1873 531 1964 dixi,
559 1873 697 1948 codices
720 1871 904 1948 Censorini
923 1874 1026 1949 hodie
1047 1898 1175 1969 super·-

115 2000 210 2070 stites
245 2021 291 2070 ex
318 2022 386 2073 uno
421 2001 611 2095 eodemque
646 2000 767 2073 codice
797 2001 975 2074 derivatos
1010 2021 1109 2089 esse,
1142 2000 1176 2072 id

113 2151 182 2201 nou
210 2152 252 2202 eo
281 2127 374 2218 solo,
402 2125 493 2220 quod
521 2127 611 2216 dixi,
644 2135 845 2218 argumento
872 2135 1021 2217 constat,
1054 2149 1176 2200 verum

112 2265 349 2350 praeterquam
377 2252 468 2346 quod
495 2252 633 2325 codices
660 2255 695 2324 in
721 2251 925 2327 lectionibus
959 2253 1089 2327 lacunis
1118 2264 1176 2326 at·-

94 2383 178 2474 'que
199 2378 515 2475 interpolationibus
540 2401 682 2475 prorsus
701 2379 779 2454 fere
805 2383 1033 2471 consentiunt,
1054 2403 1174 2456 omnes

112 2511 211 2578 etiam
241 2507 322 2580 lolia
349 2505 515 2602 quaedam
548 2508 593 2578 in'
610 2509 746 2602 antiquo
773 2506 830 2580 illo
858 2508 979 2582 codice
1004 2530 1175 2603 perverse

112 2635 274 2730 disposita
294 2655 403 2728 pravo
422 2633 489 2704 hoo
509 2634 630 2706 ordine
655 2635 826 2728 descripta
842 2643 1034 2708 servarunt.
1074 2635 1174 2720 Quod

112 2782 188 2832 cnm
208 2761 352 2854 primum
369 2757 666 2832 animadvertisset
686 2755 821 2850 Carrio,
839 2762 1019 2832 maximam
1039 2759 1174 2854 quidem

110 2898 241 2983 partem
269 2895 365 2958 recte
392 2887 616 2980 transposuit,
649 2908 785 2958 omnem
816 2909 902 2960 vero
936 2885 1172 2962 contusionem

110 3015 260 3086 nondum
288 3011 433 3102 sustulit,
459 3012 667 3107 quod-nunc
692 3014 828 3088 tandem
855 3014 980 3088 factum
1009 3024 1070 3090 est.

110 3143 246 3214 Etenim
273 3143 308 3212 in
335 3140 434 3214 codd.
462 3140 618 3214 omnihus
644 3141 768 3234 legitur
949 3119 951 3123 ¹

223 3291 257 3363 p.
275 3267 375 3357 14,6
403 3269 526 3342 nisum
550 3267 642 3342 cat*
668 3291 763 3367 quoe
785 3268 1004 3342 discensio*
1022 3267 1172 3368 depiadc

618 3418 659 3466 aa
682 3399 782 3468 scire
808 3393 1013 3466 Alcmaeon
1039 3403 1117 3466 cett.
1150 3441 1152 3447 ι

109 3529 193 3591 tum:
220 3543 253 3616 p.
272 3519 372 3612 17st
396 3525 577 3616 futurum
599 3520 621 3562 ⁴*
654 3519 700 3592 de
733 3521 1010 3620 confirmatione
1043 3530 1169 3598 cotem

528 3721 539 3732 ,
614 3656 756 3744 partus
781 3647 897 3722 adito
922 3651 1047 3724 minuc
1063 3649 1084 3691 ⁴*

106 3783 184 3867 post
209 3796 296 3869 quiae
323 3775 434 3850 statim
461 3783 647 3870 sequuntur

106 3923 138 3994 p.
152 3899 249 3990 35,9
268 3904 445 3998 inprime
457 3902 681 3980 hebdomade
703 3947 744 3956 -
764 3927 797 3999 p.
810 3903 931 3995 46‚13
944 3907 1167 4002 frequentes

106 4025 232 4096 deinde

105 4176 137 4248 p.
154 4149 249 4243 tas
262 4163 438 4247 saperent
451 4154 576 4228 dicere
595 4197 640 4208 -
661 4178 693 4250 p.
704 4155 798 4249 35,9
812 4177 1035 4253 capno-acero
1048 4154 1166 4235 datur
