2852 4892
394 441 448 500 DE
466 440 532 498 DIE
552 441 699 500 NA'IALI
719 441 802 500 CAP.
817 445 862 501 17.
1115 444 1154 504 47

93 605 181 672 lares
197 603 323 670 exactis
338 603 467 692 regibus
482 611 557 693 post
567 601 706 669 Romam
722 601 884 669 cunilam
899 603 989 670 amris
1001 603 1153 676 CCXLV

93 743 115 786 a
136 719 268 788 Valerio
289 715 456 784 Publicola
483 719 645 784 institutos
676 741 748 784 esse
771 725 783 752 *
806 725 819 751 *
851 716 891 783 ad
913 719 988 784 XV
1011 720 1153 788 virorum

91 833 359 911 commentarios,
381 852 465 900 anno
489 829 789 900 CCLXXXXVIII
813 831 857 899 M.
880 832 1011 900 Valerio
1033 834 1152 924 Spurio

91 949 249 1038 Verginio
268 947 362 1014 Coss.
387 954 399 982 *
422 953 435 982 *
459 968 543 1012 mino
566 956 640 1036 post
661 945 773 1014 urbem
796 946 958 1014 conditam
982 957 1096 1014 octavo
1120 957 1153 1017 et

62 1062 447 1153 oquadaagentmsima
468 1070 505 1127 ut
525 1083 603 1129 vero
625 1062 659 1130 in
680 1063 917 1128 commentariis
929 1061 995 1130 XV
1009 1063 1152 1128 virorum

88 1178 248 1268 seriptum
275 1186 326 1243 est
349 1199 434 1244 enno
457 1175 575 1244 CCCC
603 1185 637 1242 ot
663 1175 787 1242 decimo
815 1176 858 1244 lll.
880 1174 1013 1243 Valerio
1043 1175 1150 1246 Corvo

87 1291 117 1358 ll
138 1291 176 1358 C.
192 1291 329 1360 Poetilio
348 1290 441 1358 Coss.
486 1290 587 1357 Tertii
607 1289 674 1358 ludi
695 1292 823 1358 luerunt
844 1292 972 1359 Antiate
992 1289 1151 1382 Livioque

87 1405 277 1472 auctoribus
300 1387 340 1473 P.
364 1405 501 1472 Claudio
522 1403 663 1474 Pulchro
694 1403 731 1471 1..
754 1403 843 1472 lunio
865 1403 959 1472 Pullo
983 1406 1077 1474 Coss.
1101 1413 1113 1439 *
1134 1411 1148 1439 *

85 1613 106 1666 2
122 1627 187 1666 esse
199 1607 332 1666 Valerius
344 1609 443 1666 Antias
456 1610 510 1666 ait:
523 1617 553 1666 at
564 1608 641 1666 XV·
650 1609 770 1664 vironun
829 1612 847 1664 3
859 1609 1054 1666 commentarii
1065 1608 1147 1664 annis

84 1685 106 1741 4
128 1704 202 1742 coss.
224 1685 367 1743 secundos
387 1685 480 1753 ludos,
502 1694 532 1740 nt
551 1686 650 1742 Antias
670 1685 737 1752 vult,
759 1704 833 1742 anno
847 1705 877 1762 p.
892 1705 919 1741 u.
935 1705 960 1742 c.
975 1685 1073 1760 quinto
1087 1694 1146 1744 tre·

85 1763 245 1818 centesimo
318 1767 423 1819 tianno
437 1772 538 1819 octavo
551 1761 876 1838 etquadringentesimo
945 1759 1069 1818 Corvino

38 1905 48 1921 .
85 1838 252 1896 &Cluuio
331 1859 405 1896 coss.
418 1847 467 1896 aut
478 1840 638 1896 utinlibris
656 1837 943 1914 quindecimvironuu
954 1840 1091 1916 scripturn
1102 1848 1146 1896 est

83 2003 104 2056 2
128 1999 195 2058 Vol.
215 2000 298 2058 Poll.
321 2001 472 2060 Consentit
491 2001 597 2058 Zosim.
618 1999 657 2067 ll,
670 2001 699 2057 4.
721 2008 750 2057 et
770 2007 801 2054 ut
820 1999 932 2055 videtur
950 1999 1054 2055 Festus
1074 2017 1097 2054 s.
1120 2015 1144 2055 v.

83 2080 170 2136 Sum.
191 2077 253 2134 ludi
271 2099 301 2157 p.
315 2083 385 2137 329:
413 2088 515 2156 quarto
540 2076 707 2134 Publicolae
735 2075 898 2132 consulatui
919 2075 963 2149 (a.
977 2071 1053 2148 250)
1075 2075 1144 2130 ads·

83 2153 170 2209 cribit
194 2153 338 2212 Plutarch.
365 2157 394 2212 in
419 2155 477 2210 vita
502 2155 563 2210 eius
585 2171 609 2208 c.
624 2155 671 2208 21.
717 2187 721 2193 -
752 2153 809 2208 XL
828 2151 957 2208 virorum
974 2151 1069 2227 DRgl.

82 2233 102 2287 3
124 2237 191 2288 ono
210 2230 235 2297 l,
255 2233 296 2288 οῆ
308 2251 336 2305 g.
400 2227 779 2303 ccnxxxxvfflfflag.
802 2226 880 2303 quod
896 2227 1062 2285 mutandum
1074 2239 1144 2286 erat.

80 2308 102 2364 4
124 2306 196 2362 Post
218 2324 288 2366 oosr.
310 2307 415 2364 omissa
435 2315 479 2362 ost
497 2307 604 2364 mentio
630 2304 820 2362 secundorum
839 2303 971 2362 ludorum
992 2315 1021 2364 et
1043 2314 1143 2363 aucto-

79 2400 158 2437 rum.
246 2382 517 2458 squalraytnstmo
535 2379 573 2439 D.
596 2383 674 2438 VIII
686 2383 781 2439 oxa
800 2380 866 2456 Rgl.
938 2385 1001 2440 XII
1011 2386 1063 2440 uir.
1077 2383 1144 2458 Rgl.

79 2477 109 2515 v.
127 2462 173 2525 17,
184 2461 212 2516 8.
276 2464 294 2515 o·
318 2461 452 2516 connino
470 2460 534 2526 DR,
557 2460 676 2516 Coruino
696 2477 723 2534 g.
746 2459 835 2518 Corvo
853 2458 962 2516 Manat.
1031 2464 1050 2518 7
1070 2463 1146 2518 Poe-

81 2533 173 2592 tneIIo
191 2535 228 2590 D.
255 2534 315 2591 Sed
336 2535 430 2591 locum
450 2539 594 2592 turbatum
613 2553 693 2602 esse,
718 2553 776 2591 non
802 2542 899 2613 potest
925 2555 990 2592 esse
1017 2534 1142 2593 dubium.

80 2611 160 2666 Nam
180 2610 235 2666 XV
255 2611 329 2668 viros
350 2621 573 2670 consentaneum
598 2620 644 2668 est
664 2611 796 2686 posuisse
815 2629 919 2667 annum
937 2631 965 2668 u.
983 2612 1142 2668 c.Van·ou.

79 2687 156 2752 loa,
178 2687 257 2742 cuius
284 2687 352 2744 anui
377 2707 451 2744 coss.
473 2687 629 2744 secundum
653 2690 745 2743 fastos
773 2686 914 2762 Capitol,
940 2687 1007 2742 item
1031 2687 1142 2743 Livium

80 2761 146 2830 Vll,
164 2763 211 2822 27.
236 2761 323 2818 Diod.
344 2761 478 2830 xvma
502 2764 618 2820 luerunt
642 2763 682 2818 Μ.
708 2760 879 2819 Valerius
906 2762 1044 2818 Corvus
1068 2763 1093 2818 ll
1113 2774 1142 2820 et

81 2841 119 2896 C.
140 2836 327 2896 Poetelius
348 2839 453 2906 Libo,
479 2839 546 2896 anui
565 2839 623 2896 410
643 2847 737 2896 autem
760 2839 794 2894 C.
815 2839 972 2895 Marcius
992 2839 1140 2896 Rutilus

81 2915 121 2972 Ill
142 2924 172 2972 et
190 2915 228 2972 T.
242 2914 396 2972 Manlius
417 2915 637 2994 Imperiosus
660 2916 869 2990 Torquatus
888 2915 927 2982 II,
948 2917 1067 2972 testibus
1088 2917 1139 2972 iis-

80 2991 150 3048 dem
174 2991 271 3060 fastis‚
296 2992 377 3049 Livio
396 2991 518 3060 V11‚28.
545 2991 631 3048 Diod.
652 2990 734 3058 XVI,
752 2991 799 3049 74.
838 2991 942 3049 Festus
964 3001 1058 3049 autern
1079 2993 1097 3049 l.
1120 2994 1139 3050 l.

78 3067 166 3124 ludos
188 3069 361 3126 Tarentinos
381 3069 505 3146 Populo
525 3069 653 3126 Laenate
672 3087 730 3124 cos.
752 3069 888 3148 repetitos
908 3067 1037 3126 indicare
1057 3069 1138 3126 vide-

79 3154 136 3201 tor.
177 3143 235 3212 Qui
255 3165 319 3202 cum
339 3165 374 3203 eo
397 3154 526 3224 ternpore
546 3145 705 3202 institutum
726 3145 811 3212 dicat,
833 3153 948 3202 centum
966 3151 1139 3220 potiusnon

79 3227 112 3278 ol
133 3221 229 3277 ‹leiruo
250 3229 410 3296 agerentur,
431 3222 646 3289 Laclunanuus,
668 3222 735 3296 quia
756 3219 887 3278 deludis
909 3239 935 3276 a.
957 3223 1012 3278 505
1034 3229 1063 3276 et
1082 3227 1138 3280 605

80 3297 152 3354 actis
169 3297 238 3353 satis
260 3305 338 3354 certa
357 3300 494 3354 memoria
514 3307 567 3365 est,
588 3305 719 3373 quartum
732 3297 772 3352 M.
788 3297 904 3372 Popillii
916 3297 1052 3352 Laenatis
1068 3317 1136 3354 con-

80 3373 203 3430 sulatum
224 3373 441 3448 intelligendum
459 3375 628 3452 suspicatur,
651 3373 700 3447 qui
722 3372 822 3428 incidit
835 3373 863 3428 in
874 3388 900 3426 a.
913 3369 979 3436 lou,
994 3387 1049 3444 quo
1063 3390 1137 3427 anno

79 3449 142 3506 Liv.
157 3447 218 3514 Vll,
228 3451 267 3508 27
286 3449 479 3526 pestilentiam
492 3459 521 3506 et
532 3468 567 3506 ex
576 3449 655 3504 libris
667 3447 815 3521 Sibyllinis
827 3445 1032 3502 lectisternium
1047 3447 1137 3504 suisse

80 3527 178 3582 refert.
199 3525 238 3580 ita
262 3545 296 3582 ue
317 3531 343 3580 ol
361 3527 533 3598 nonagensi,
560 3523 636 3600 quod
663 3531 707 3579 est
732 3522 809 3600 apud
835 3522 966 3590 Festum,
987 3523 1027 3578 ita
1047 3524 1136 3581 inter·

78 3609 222 3678 pretatur}
242 3544 331 3658 ludos
358 3601 530 3658 instauratos
556 3620 621 3656 esse
649 3617 723 3656 οοοο
748 3601 902 3672 οἰοοοοὶοιο
928 3609 996 3676 post
1015 3600 1043 3655 X
1062 3603 1137 3657 uiros

80 3696 224 3734 sacrorum
245 3678 403 3744 institutos,
429 3677 459 3732 id
486 3685 530 3734 est
553 3685 666 3754 posta.
688 3675 810 3731 Varron.
832 3679 897 3734 386.
924 3677 984 3734 Sed
1005 3677 1136 3734 Zosimus

79 3752 145 3820 ll,-l
165 3754 307 3810 secundos
328 3753 412 3810 ludos
434 3754 531 3810 scribit
556 3761 635 3808 actos
662 3770 726 3810 esse
753 3745 810 3808 ἴτει
830 3748 909 3824 μετὰ
930 3748 983 3809 τὸν
1004 3753 1058 3826 τῆς
1080 3747 1137 3809 no'-

79 3829 155 3898 λεως
185 3827 326 3902 οἰκισμὸν
353 3827 400 3887 lut
434 3825 621 3906 τριακοσίοις
653 3829 848 3908 πεντηκοστῷ
873 3825 923 3885 nol
951 3827 1137 3909 ‹leodoar—

79 3899 217 3979 Μάρκου
236 3903 379 3964 Ποπλίου
401 3901 435 3964 τὸ
457 3901 602 3984 τέταρτον
621 3895 836 3974 ὑπατεύοντος.
858 3907 906 3963 ubi
926 3907 1045 3964 Leunol.
1063 3925 1135 3963 corr.

78 3975 216 4056 Μάρκου
236 3979 384 4042 Ποτίτου.
405 3993 435 4042 et
455 4003 523 4042 sane
545 4003 620 4040 anuo
642 3982 767 4060 Capitol.
789 3987 846 4044 352
865 3984 900 4040 L.
921 3982 1055 4038 Valerius
1076 3983 1134 4038 Po-

78 4060 144 4116 titus
163 4059 204 4116 lv
230 4062 294 4118 trib.
315 4060 372 4117 mil.
394 4081 419 4118 o.
439 4082 469 4139 p.
490 4061 562 4127 suit,
589 4069 617 4116 et
642 4060 771 4136 proximo
799 4079 873 4116 anno
901 4059 964 4135 (qui
986 4066 1030 4113 est
1050 4057 1135 4117 Varo.

77 4132 152 4205 354)
178 4136 274 4194 Livius
296 4135 332 4202 V,
353 4141 388 4194 13
409 4137 611 4194 lectisternium
638 4144 705 4189 tuuc
732 4137 854 4212 primurn
877 4135 907 4190 in
934 4135 1003 4190 urbe
1028 4135 1135 4196 sactum

77 4211 171 4278 tradit,
191 4211 243 4270 sed
256 4232 313 4268 non
327 4211 384 4268 Diti
397 4231 430 4268 ac
443 4211 644 4288 Proserpinae.
725 4215 743 4267 8
765 4215 799 4268 Ι..
814 4212 898 4268 Iunio
911 4209 1003 4283 DRgl.
1018 4213 1055 4268 ol'.
1070 4212 1133 4272 Ou-
