2896 4896
353 453 405 512 DE
425 451 491 513 DIE
511 453 658 516 ttt'rttt
679 455 761 516 CAP.
776 457 823 517 14.
1087 466 1125 522 35

71 623 162 681 tenos
186 635 288 681 annos
309 636 407 705 posse
430 613 537 682 satalia
558 614 763 705 deprecando
790 617 886 685 robus
912 619 1025 686 divinis
1052 643 1127 712 pro·

70 730 168 810 serre,
195 727 235 796 ab
264 749 349 796 anno
379 738 487 797 autem
511 727 609 798 LXX
638 753 699 798 neo
730 731 886 820 postulari
918 732 1036 802 dobere
1065 757 1127 806 noc

70 867 167 936 posse
196 867 215 911 a
243 843 311 912 deis
338 845 498 936 inpetrari.
550 853 696 912 ceterum
724 855 800 936 post
831 870 932 918 annos
966 850 1130 939 octoginta

71 969 223 1054 quattuor
242 983 260 1026 a
281 967 388 1026 mente
410 982 469 1028 sua
490 957 637 1028 honines
658 959 756 1043 abire,
776 961 948 1054 aequabis
965 961 1127 1056 lieripro-

46 1076 166 1166 sdigio.
210 1072 277 1142 Sed
299 1097 342 1140 ex
362 1073 413 1144 iis-
428 1075 575 1142 omnibus
600 1075 749 1164 proxime
776 1075 926 1144 videntur
951 1080 1159 1148 accessisset

70 1183 307 1280 naturam‚'qui
325 1187 579 1258 hebdomadibus
601 1187 777 1258 humanam
797 1191 898 1258 vitam
910 1195 1033 1260 emensi
1043 1204 1126 1262 asoa

69 1305 154 1373 Fere
177 1306 263 1372 enim
285 1313 360 1394 post
376 1305 550 1396 septimum
562 1327 723 1396 quemque
735 1327 855 1372 annum
866 1305 1017 1376 articulos
1025 1332 1130 1400 ‚quoo-

70 1421 149 1490 dam
171 1428 204 1486 et
224 1420 257 1486 in
278 1417 327 1486 bis
345 1419 465 1511 aliquid
481 1420 560 1488 novi
574 1428 689 1487 natura
706 1419 855 1504 ostendit,
871 1431 956 1488 utet
975 1422 1129 1514 io'elegio

69 1534 203 1629 Solonis
224 1529 423 1624 cognoscere
445 1533 547 1601 datin.
590 1535 636 1602 ait
656 1537 742 1603 erim
762 1537 795 1602 in
811 1537 914 1626 puina
928 1534 1131 1606 hebdomade

34 1651 185 1722 rodentes
215 1647 338 1720 bomiri
365 1649 498 1731 eadere,
524 1651 557 1716 in
584 1650 727 1718 secunda
749 1649 869 1740 pubem
898 1659 1071 1740 apparere,
1094 1654 1128 1719 in

69 1766 164 1832 tertia
185 1763 319 1832 barbam
338 1764 444 1846 nasei,
465 1766 497 1832 in
521 1773 634 1858 quarta
656 1767 755 1848 vires,
776 1766 810 1832 in
832 1767 942 1856 (Ῑυίιιῑα
964 1767 1130 1834 maturita-

69 1890 138 1948 tem
159 1878 202 1949 ad
223 1881 356 1970 stirpem
377 1878 630 1972 reliraquendarn
651 1881 684 1946 in
700 1889 794 1946 sexta
812 1879 1036 1971 cupiditatibus
1048 1887 1130 1948 ton

69 2089 209 2164 lposset
266 2082 390 2161 proferri
467 2083 680 2158 2oetogesi1no
758 2082 833 2138 3ab
854 2079 909 2138 diis

66 2246 143 2322 Agla
184 2245 213 2303 li.
227 2265 257 2325 p.
268 2247 335 2302 315.
355 2243 401 2300 De
414 2244 543 2300 Etruscis
556 2243 597 2299 ita
609 2243 726 2301 Servius
738 2241 776 2298 ad
788 2243 869 2318 Virg.
879 2243 950 2302 sen
971 2243 1047 2313 vm,
1057 2247 1128 2304 396:

64 2321 153 2392 „Sed
193 2339 246 2377 ano
266 2321 470 2378 imminentium
489 2321 629 2378 rnalonun
650 2320 815 2378 dilationem
825 2320 940 2378 Etrusci
958 2320 1023 2380 libri
1036 2322 1128 2398 priano

63 2400 136 2457 loco
157 2416 175 2454 a
194 2395 260 2454 love
287 2397 385 2453 dicunt
402 2415 490 2475 posse
510 2398 667 2476 impetrari,
679 2406 782 2476 postea
799 2416 817 2454 a
834 2395 902 2454 l'atis
917 2429 955 2438 —
969 2396 1023 2453 sed
1033 2399 1128 2454 scien-

65 2477 148 2541 dum,
169 2473 325 2531 secundom
346 2475 414 2530 artis
435 2476 617 2553 aruspicinae
637 2473 725 2532 libros
746 2483 775 2530 et
794 2491 877 2530 sacra
887 2471 1061 2531 Acheruntia
1075 2474 1128 2552 (ci.

64 2553 176 2608 Arnob.
196 2551 230 2618 ll,
241 2547 302 2626 61),
324 2569 398 2628 quae
419 2548 518 2628 Tages
538 2553 735 2630 composuisse
756 2551 868 2618 dicitur,
885 2551 947 2608 lata
961 2551 1060 2608 decern
1075 2571 1128 2608 ao·

64 2629 114 2685 nis
135 2628 261 2702 quadarn
281 2628 391 2684 ratione
412 2627 549 2686 differri.”
591 2629 729 2686 Similiter
745 2625 905 2693 docuerunt
920 2625 1041 2681 fulmina
1058 2645 1128 2704 pro-

65 2706 199 2780 rogatira
219 2701 330 2760 differri
349 2721 451 2780 posse,
477 2712 507 2760 et
532 2705 645 2782 privata
672 2702 788 2778 quidem
807 2719 865 2756 non
884 2702 959 2756 ultra
979 2699 1130 2772 decimum,

65 2781 186 2860 publica
205 2797 263 2835 noo
282 2779 357 2834 ultra
376 2780 550 2836 tricesimum
571 2797 684 2846 annum,
704 2797 731 2834 v.
753 2777 856 2834 Senes.
879 2796 926 2853 qu.
947 2786 1006 2833 nat.
1026 2777 1061 2845 ll,
1080 2779 1129 2838 48.

66 2861 137 2916 Non
178 2857 244 2914 lane
265 2855 427 2914 cambiare
448 2857 629 2914 consentiunt
648 2873 723 2931 quae
748 2853 837 2914 tradit
855 2854 973 2912 Servius
993 2853 1033 2912 ad
1047 2855 1129 2934 Virg.

65 2938 139 2992 Aen.
156 2876 210 3000 lV,
224 2935 294 2990 653:
316 2933 442 3000 „Tribus
463 2933 521 2991 vita
538 2933 665 2990 humana
685 2927 859 2999 continetur,
879 2941 997 3000 natura,
1017 2932 1063 2990 cui
1084 2935 1128 2992 ul·

66 3023 115 3068 tra
136 3010 217 3068 CXX
237 3009 401 3066 solstitiales
423 3027 513 3066 annos
535 3029 702 3067 concessum
722 3028 779 3064 non
800 3016 858 3080 est;
878 3009 949 3076 fato,
971 3009 1016 3066 eui
1035 3011 1128 3066 nona-

66 3089 148 3164 ginta
168 3087 243 3153 anni,
264 3085 319 3141 hoo
339 3094 384 3144 est
403 3095 460 3143 tres
481 3087 598 3144 Saturni
618 3104 717 3143 cursus
731 3087 847 3143 exitium
865 3094 971 3153 creant,
987 3087 1131 3145 nisiforte

65 3165 191 3221 aliarum
210 3161 357 3218 stellarum
376 3163 537 3240 benignitas
558 3164 644 3220 etiarn
664 3163 778 3219 tertium
793 3163 855 3219 eius
869 3170 987 3240 superet
1000 3181 1128 3234 carsorn;

66 3241 185 3298 fortuna
210 3237 241 3295 id
267 3247 311 3294 est
333 3257 416 3306 casu,
442 3241 491 3316 qui
517 3239 556 3295 ad
581 3240 676 3295 omnia
700 3239 825 3314 pertinet
852 3255 927 3311 quae
952 3238 1128 3296 extrinsecus

66 3315 163 3374 sunt.”
183 3316 221 3372 cf.
243 3315 320 3372 Gell.
340 3315 453 3384 Xlll,l.
473 3315 589 3373 Mttler.
601 3316 662 3371 Etr.
678 3315 703 3370 Il
722 3333 752 3390 p.
765 3316 832 3370 338.
866 3313 967 3368 Nostri
980 3313 1127 3390 scriptoris

67 3396 157 3450 sertia
176 3401 311 3467 eonrrpta
331 3410 396 3450 esse
417 3401 547 3470 apparet,
569 3407 770 3466 quorumnam
788 3395 895 3444 certain
910 3385 1054 3444 medelam
1070 3404 1129 3448 non

66 3470 214 3536 haberem,
235 3467 350 3524 exlriloui
371 3477 401 3522 ut
421 3467 554 3542 leguntur
573 3468 603 3522 in
621 3467 658 3522 D.
680 3481 751 3540 quoe
770 3462 835 3519 dum
856 3461 895 3520 ort
914 3462 971 3522 aloc.
992 3465 1033 3532 R,
1059 3483 1129 3541 ottae

66 3565 158 3621 qoam
176 3545 214 3603 orl
232 3545 291 3602 deo.
312 3563 349 3610 nr,
369 3559 453 3617 quoae
473 3543 510 3600 od
529 3543 587 3600 «loo.
609 3561 636 3618 g,
656 3539 765 3618 quidem
784 3542 870 3598 otiam
889 3540 909 3597 l.
927 3557 1000 3615 qaae
1018 3543 1129 3618 nomm

66 3622 107 3680 ud
126 3622 183 3679 also.
210 3641 283 3679 corr.
303 3619 419 3677 ltlodius
446 3620 523 3677 lectt.
549 3627 664 3675 norant.
690 3637 737 3694 ep.
752 3620 799 3674 27.
825 3633 895 3692 quoe
920 3617 958 3674 od
982 3616 1128 3682 doodootos

65 3705 139 3774 sont.
161 3717 215 3756 ern.
231 3698 362 3773 Scaliger
373 3704 404 3754 et
412 3696 569 3754 Lindenbr.
591 3713 661 3772 quoe
675 3693 770 3752 aloiMo
784 3691 821 3750 ost
836 3692 893 3750 slas.
916 3695 989 3752 coni.
1010 3696 1126 3753 [Can-

65 3777 198 3850 aegieter
217 3775 254 3834 de
273 3777 348 3832 notis
370 3793 399 3852 p.
417 3777 483 3832 317.
508 3789 594 3848 artiora
614 3771 766 3829 ooortooot
786 3769 824 3828 ad
843 3769 898 3827 dor.
920 3771 965 3827 rel
985 3789 1068 3848 amor
1089 3772 1139 3842 orl,

65 3852 159 3909 clectos
179 3852 354 3909 Laclnuann.
454 3855 466 3908 1
490 3867 576 3926 possa
594 3849 681 3924 mig,
701 3849 795 3923 possit
814 3846 833 3916 l,
853 3853 949 3922 posset
969 3847 1037 3904 edd.
1058 3857 1126 3907 rott.

63 3927 197 4006 proferro
215 3929 308 4002 DRgl.
329 3927 452 4004 proferri
471 3926 586 3984 Modius
600 3926 618 3982 l.
634 3925 653 3982 l.
669 3923 779 3980 Carrio.
852 3928 870 3980 3
889 3927 1042 3997 impetrare
1058 3943 1086 3998 g.

65 4011 83 4060 6
106 4001 167 4061 sbrl.
187 4003 250 4060 DR.
332 4009 351 4062 8
370 4007 402 4061 to
422 4004 494 4080 teoto
514 4005 568 4078 Rg.
652 4010 669 4060 o
690 4001 912 4058 solentino.
932 4005 970 4057 23
990 3999 1078 4058 Solio.

64 4083 140 4138 Post
160 4079 203 4135 atr
221 4082 294 4136 eobo
315 4082 443 4156 sequitur
461 4083 490 4138 ia
509 4081 583 4154 DRg
602 4087 760 4154 tenatorum
778 4081 805 4134 st
820 4083 945 4135 osterum
961 4085 1031 4146 ete,
1051 4095 1126 4153 quiae

65 4158 205 4231 leguntur
225 4175 249 4212 e.
265 4161 309 4222 17,
322 4161 367 4212 10.
388 4158 425 4214 cf.
447 4159 484 4214 ad
500 4161 576 4224 6,10
596 4165 624 4212 et
636 4155 766 4233 prolegg.
824 4152 884 4209 obrl.
895 4152 958 4214 ott.
1019 4159 1126 4214 11111-

64 4237 142 4291 tiam
161 4231 197 4290 D.
271 4237 306 4290 12
327 4236 459 4309 toroptori
478 4236 513 4302 R,
534 4235 637 4292 torrtori
656 4251 683 4306 g.
746 4256 751 4270 a
1093 4250 1095 4261 ¹

828 4304 881 4368 3*
