2896 4896
463 422 773 486 PROLEGOMENA.
1074 443 1161 484 xxm

102 587 283 686 praebent,
303 587 479 664 haconem
498 587 663 664 maiorem
681 590 915 664 auctoritatem
927 611 1027 684 quam
1038 593 1161 664 cuius-

102 719 158 793 vis
186 715 277 791 docti
303 716 369 789 viri
404 720 602 792 ocuiooturu
626 713 739 790 habat.
791 715 911 810 ltaque
944 739 1011 809 ego
1044 721 1185 814 scrip-'

102 844 189 919 toris
215 839 325 919 verba
350 863 449 935 quam
474 842 731 937 diligentissime
756 841 801 915 ad
827 839 927 915 codd.
946 841 1014 914 DR
1031 865 1161 916 receu-

103 970 177 1058 sui,
211 989 397 1062 eorumque
418 968 585 1045 lectiones
613 976 771 1063 quautam
796 967 932 1064 quidem
956 966 1032 1039 fieri
1055 969 1163 1062 potuit

100 1093 268 1186 religiose
299 1097 461 1187 servavi,
498 1098 540 1170 iis
575 1105 688 1170 autem
716 1093 824 1186 wlueis,
858 1096 913 1191 qui
946 1093 1037 1169 haud
1062 1093 1163 1188 pauni

100 1228 197 1310 suut,
223 1217 282 1294 ubi
308 1224 460 1318 corrupti
485 1233 581 1314 sunt,
613 1228 712 1294 cauta
743 1221 983 1294 emendatione
1014 1222 1163 1314 vestigia

100 1367 220 1422 eorum
251 1339 391 1426 secutus
423 1363 546 1424 verum
578 1348 738 1424 invenire
771 1349 892 1422 studui.
946 1347 1077 1434 Quodsi
1102 1346 1162 1420 vel

101 1495 122 1544 a
148 1495 204 1550 me
230 1472 288 1549 vel
310 1472 352 1550 ab
377 1473 444 1552 eliu
465 1475 612 1570 quodam
631 1473 823 1548 emendatio
845 1483 939 1548 certa
964 1474 1055 1546 iacto
1072 1481 1159 1565 erat,

99 1621 177 1678 eom
204 1601 363 1695 recipere
395 1621 468 1676 non
498 1600 671 1691 dubitavi,
702 1610 805 1674 ntea
833 1609 966 1691 minen,
1002 1622 1089 1696 qnae
1117 1600 1160 1672 de

100 1727 299 1804 coniectura
319 1727 471 1820 reposita
492 1737 622 1819 esseut,
638 1727 758 1803 litteris
782 1725 952 1806 inclinatis
979 1727 1158 1822 exprime*

100 1860 229 1928 rantur.
257 1849 314 1926 ubi
340 1850 421 1928 nihil
447 1856 532 1928 certi
557 1856 708 1928 inveniri
733 1863 869 1949 poterat
892 1849 1032 1927 lectioni
1059 1853 1158 1926 codd.

97 1979 212 2051 crucis
238 1979 372 2072 siguum
397 1983 593 2076 praeposui.
647 1981 686 2054 Si
711 2002 800 2052 veru
824 1979 890 2050 hec
917 1999 1023 2073 opera
1049 1977 1160 2050 enee-

99 2113 168 2176 tum
196 2112 267 2194 est,
296 2113 332 2178 ut
356 2106 525 2199 integriori
548 2108 617 2180 iem
642 2104 787 2200 prodeat
814 2101 1101 2189 Censorinus·--
1128 2112 1162 2176 et

97 2239 196 2305 certe
220 2228 326 2322 louge
339 2229 512 2306 'divorsus
538 2229 649 2304 faetus
676 2239 729 2304 est
750 2228 792 2302 ab
809 2245 876 2321 eo,
904 2231 959 2324 qui
982 2238 1083 2307 auton
1101 2229 1161 2302 le'-

98 2353 246 2450 gebatur
275 2395 319 2436 r-
346 2354 380 2428 id
408 2353 523 2434 Caroli
540 2355 749 2434 toeneium
773 2358 983 2454 potissimum
1001 2353 1159 2431 meritum

100 2490 162 2556 est.
214 2480 248 2554 Is
276 2483 367 2564 euim
392 2505 464 2560 unu
489 2483 592 2560 modo
626 2497 702 2560 oum
732 2481 885 2558 editurus
913 2505 1030 2557 essem
1056 2482 1156 2557 Oen·-

99 2609 264 2696 soriuum,
291 2608 410 2681 multas
437 2618 538 2704 atque
566 2613 728 2704 egregias
747 2607 1005 2682 emendationes
1025 2632 1158 2684 mecum

98 2731 384 2824 communicavit,
418 2733 483 2806 sed
515 2737 616 2807 ctiam
641 2733 851 2830 pinguiorem
877 2735 1159 2828 corrigendorum

97 2833 219 2933 munus
245 2859 282 2928 iu
308 2880 348 2931 so
375 2861 548 2955 suscepit,
581 2869 681 2956 atque
717 2859 793 2931 dum
822 2881 865 2934 oc
892 2858 1043 2954 fungitur
1068 2861 1158 2935 haud

97 3008 205 3085 pauca
231 2986 358 3058 rectius
387 2994 487 3080 atque
515 3009 582 3081 ego
609 2986 763 3059 feceram
789 2989 970 3060 coustituit.

174 3108 300 3184 Verbis
326 3113 502 3207 scriptoris
528 3115 575 3184 ita
599 3113 787 3187 emendatis
807 3112 937 3188 subieci
956 3115 1157 3188 varietatem

98 3238 256 3312 editionis
275 3235 610 3335 Haverkampianae,
629 3251 665 3313 ut
682 3242 792 3315 statim
808 3249 1004 3335 appareret,
1021 3240 1101 3334 quid
1121 3243 1156 3311 ia

97 3365 162 3438 hac
194 3363 344 3438 editione
375 3375 534 3438 mutatum
568 3375 670 3439 esset.
731 3364 771 3436 In
797 3365 1017 3435 adnotatione
1044 3372 1156 3435 autem

97 3493 212 3566 varias
238 3486 407 3564 lectiones
431 3491 530 3564 codd.
554 3492 620 3564 DR
646 3491 808 3563 recensui
826 3510 960 3580 omues,
980 3499 1016 3562 ut
1039 3491 1177 3566 sciens·

96 3617 288 3711 volensque
313 3613 396 3686 nihii
418 3618 619 3688 omitterem.
665 3615 783 3711 Itaque
804 3617 833 3688 si
854 3616 933 3712 quid
950 3615 1047 3690 aliter
1064 3640 1156 3691 nuuc

94 3745 219 3840 legitur
249 3752 349 3840 atque
383 3743 417 3814 in
450 3741 599 3816 editione
637 3739 936 3840 Haverkampiaua
975 3755 1087 3819 exstat
1121 3757 1155 3820 et

94 3871 178 3944 nihil
203 3894 223 3944 e
251 3868 350 3942 codd.
373 3868 567 3942 adnotatum
594 3878 661 3960 est,
680 3891 743 3966 pro
765 3879 860 3943 uerte
877 3869 1014 3962 habeto,
1033 3874 1070 3944 iu
1086 3872 1153 3945 DR

94 3999 142 4068 ito
173 3995 243 4088 legi
272 4005 309 4066 ut
342 3999 501 4093 scriptum
533 4017 634 4071 ame
667 4005 729 4072 est.
787 3996 1009 4093 Reliquorum
1041 4005 1155 4070 autem

96 4121 255 4198 codicum
280 4119 447 4196 lectiones
474 4142 544 4195 uon
570 4143 690 4198 omues
714 4121 830 4213 adtuli,
850 4129 883 4194 ot
903 4123 996 4195 initio
1020 4121 1153 4217 quidem
