2896 4896
408 1240 926 1330 Pnonndontnntn.

135 1453 369 1565 Censorinus
402 1513 469 1586 quo
501 1497 657 1585 tempore
688 1491 818 1564 vixerit
860 1513 929 1564 non
960 1503 1076 1588 potest
1108 1517 1191 1569 esso

132 1619 282 1709 dubium,
310 1641 387 1690 cum
414 1619 492 1713 ipse
519 1616 628 1688 tradat
658 1615 780 1688 librum
817 1615 861 1689 de
887 1617 943 1690 die
969 1621 1072 1695 natali
1099 1645 1190 1694 con-

133 1748 295 1840 scriptum
333 1767 416 1817 esse
456 1743 660 1839 olympiadis
700 1740 858 1816 CCLHH
900 1767 992 1818 enno
1034 1748 1189 1820 secundo

132 1870 187 1967 (p.
204 1870 267 1961 56,
282 1872 325 1964 6)
354 1873 431 1945 sive
451 1870 550 1966 Uipic
579 1878 613 1942 et
628 1870 797 1942 Pontiano
824 1893 942 1944 conss.
971 1872 1025 1968 [p.
1042 1874 1188 1964 63,16)

129 1999 151 2069 i.
180 2021 210 2070 e.
239 1997 281 2070 ob
309 2021 341 2069 n.
369 2021 400 2070 c.
426 1993 680 2087 DCCCCXCI,
706 2019 740 2091 p.
762 1994 841 2067 Chr.
869 2017 902 2068 n.
923 1995 1189 2072 CCXXXVIH:

128 2134 309 2220 praeterea
335 2135 449 2198 antem
474 2121 558 2195 nihil
585 2123 629 2195 de
655 2125 727 2196 vita
754 2123 829 2194 eins
855 2133 998 2196 constat.
1035 2124 1071 2196 A
1085 2125 1188 2197 Pris-

128 2254 227 2324 ciano
255 2252 307 2346 (Ι,
319 2251 356 2342 4,
375 2252 422 2323 17
450 2274 482 2346 p.
497 2249 592 2341 545)
609 2248 826 2321 doctissimus
847 2251 930 2322 artis
946 2253 1188 2344 grammaticae

125 2387 284 2468 vocatur,
311 2387 345 2451 et
372 2379 461 2449 inter
486 2375 719 2450 nobilissimos
747 2379 1006 2468 grammaticos,
1034 2379 1186 2472 quisuis

127 2504 275 2579 socculis
308 2504 450 2578 honoris
484 2505 591 2576 decus
625 2501 824 2593 habuerint,
859 2523 936 2575 cnm
964 2504 1186 2594 Palaemone,

124 2631 241 2705 Phoco
267 2641 368 2725 atque
394 2630 509 2703 Probo
535 2639 733 2702 numeratur
751 2651 771 2699 n
792 2626 1006 2704 Cassiodoro
1026 2632 1092 2721 (de
1112 2640 1187 2703 arte

124 2781 232 2851 gram.
249 2757 302 2849 i).
358 2755 504 2851 Scripsit
527 2755 650 2826 librum
677 2754 730 2827 de
757 2754 1031 2848 accentibus,
1056 2755 1185 2852 dequo

124 2886 170 2955 ita
194 2883 304 2956 refert
331 2879 563 2954 Cassiodorus
599 2882 671 2973 (de
697 2883 829 2968 musice
852 2884 888 2954 in
914 2880 983 2954 tine
1008 2907 1041 2979 p.
1067 2881 1184 2976 576):

125 3008 426 3102 „Censorinus
465 3031 599 3104 quoque
632 3009 677 3082 66
709 3007 907 3082 accentibus
939 3011 1020 3082 voci
1046 3019 1186 3084 nostrae
1325 3009 1330 3020 '

123 3137 379 3209 adnecessariis
408 3134 575 3212 subtiliter
596 3136 792 3231 disputavit,
814 3138 990 3232 pertinere
1006 3136 1124 3210 dicens
1142 3134 1186 3206 nd

122 3266 285 3338 musicum
303 3262 528 3359 disciplinam,
549 3285 650 3359 quem
670 3261 771 3338 vobis
793 3264 883 3336 inter
905 3273 1041 3336 ceteros
1062 3271 1183 3332 trans-

118 3393 285 3486 scriptnm
311 3389 466 3484 reliqni.”
510 3391 586 3464 Hoc
611 3389 699 3462 libro
717 3411 801 3464 usus
824 3397 876 3462 est
894 3388 1103 3475 Priscianus,
1127 3388 1183 3480 qui

122 3517 349 3592 Censorinum
377 3515 421 3588 de
447 3527 591 3590 accentu
616 3516 906 3614 praepositionum
935 3521 1077 3589 testatur
1103 3513 1183 3610 pla-

120 3647 263 3718 nissime
282 3643 411 3715 docere
430 3646 465 3714 in
486 3642 586 3735 libro,
602 3667 701 3740 quem
721 3643 765 3715 de
786 3641 984 3716 accentibus
1004 3642 1183 3737 scripserit

120 3771 241 3867 (xlv,
257 3769 327 3860 1,6
349 3794 382 3866 p.
399 3770 510 3865 978),
537 3781 572 3844 et
597 3794 685 3844 vero
712 3771 821 3845 altero
847 3769 926 3842 loco
944 3768 1063 3865 (xlv,
1077 3769 1115 3857 4,
1132 3768 1182 3838 40

119 3922 153 3994 p.
168 3896 265 3991 993)
292 3895 379 3969 baec
403 3897 520 3969 affert:

174 4023 300 4113 „Quod
327 4022 600 4099 Censorinus
619 4045 753 4120 quoque
775 4025 819 4098 de
839 4022 1036 4098 accentibus
1051 4042 1182 4116 oppro-

174 4149 251 4242 bat,
283 4153 333 4224 sic
365 4150 504 4227 dicens:
539 4150 693 4248 Super
722 4152 956 4250 praepositio
987 4155 1046 4222 eet
1080 4147 1187 4246 apud
