2896 4896
455 443 763 505 PROLEGOMENA.
1012 391 1023 406 v
1081 465 1152 504 xvrr

95 613 198 684 tutiue
225 633 256 683 e.
278 607 379 714 1583
405 609 542 706 prodiit,
570 609 727 702 Lugduni
748 632 781 681 u.
802 609 901 682 1593
920 615 1064 706 repetita
1085 623 1150 704 est,

94 737 203 810 verbu
223 715 399 832 scriptobis
421 735 526 828 longe
542 737 652 841 minus
673 737 852 809 emendate
869 735 1041 829 exhibeat,
1052 762 1151 833 quum
1176 827 1183 838 Ι
1255 747 1261 775 ²

94 862 193 936 huius
221 863 348 937 codicis
374 837 442 958 ope
466 859 541 934 tieri
567 863 684 956 potuit.
738 863 901 950 Quemvis
930 866 1019 935 enim
1046 871 1154 959 typo·
1270 842 1275 852 ’

93 991 244 1087 gruphus
275 993 311 1062 in
335 989 552 1062 'excudendo
591 987 678 1061 libro
713 989 895 1062 admodum
927 989 1154 1084 neglegenter

94 1127 253 1191 versutus
279 1119 335 1206 sit,
359 1116 402 1188 de
424 1139 487 1211 que
503 1137 544 1188 re
559 1113 679 1187 (terrio
702 1118 776 1188 iure
800 1119 952 1211 queritur
974 1117 1152 1207 (emendd.

95 1242 317 1338 11‚1],ipse
343 1252 456 1314 tumen
482 1263 596 1336 neque
622 1251 782 1316 accurate
809 1243 964 1317 codicem
989 1249 1154 1336 excussit,

95 1369 191 1443 ouius
218 1391 343 1467 peneus
370 1378 498 1441 tuntum
523 1372 560 1440 in
587 1367 780 1460 fragmento
813 1369 979 1444 lectiones
1005 1371 1155 1465 protulit,

92 1519 207 1592 neque
231 1499 316 1570 suite
345 1499 505 1591 eorru'ptu
540 1494 746 1566 emendavit.
808 1497 928 1590 Longe
961 1497 1153 1590 diligentius

93 1622 161 1695 hoc
191 1622 279 1695 libro
313 1646 396 1698 usus
431 1631 484 1694 est
516 1622 775 1702 Franciscus
808 1624 996 1713 Medius„
1031 1626 1086 1717 qni
1118 1626 1153 1695 in

92 1752 311 1842 novuntiquis
336 1748 538 1822 lectionibus
565 1755 669 1822 totum
696 1749 773 1822 fere
793 1750 1018 1825 Censorinum
1042 1750 1084 1820 ud
1105 1749 1153 1820 li-

93 1874 194 1946 brum
219 1877 305 1946 mire
338 1878 527 1971 antiquum,
560 1898 625 1971 quo
659 1878 695 1948 in
722 1876 817 1950 Ubiis
850 1877 891 1948 ab
925 1877 1152 1950 eruditissimo

94 2012 130 2074 et
160 2003 365 2074 amicissimo
398 2001 521 2074 Meloh.
549 2003 718 2098 Hittorpio
759 2002 921 2096 theologo
961 2023 1043 2074 usus
1079 2009 1153 2073 erut

93 2127 171 2224 (ep.
186 2127 235 2200 35
256 2138 290 2199 et
305 2126 392 2221 82),
418 2131 593 2200 recensuit
612 2127 668 2220 ἢ.
723 2127 787 2213 Qui
814 2148 890 2198 cum
915 2128 951 2198 in
977 2127 1151 2222 permultis

91 2253 178 2327 louis
210 2254 395 2326 lectionem
426 2253 555 2326 codicis
586 2249 829 2327 restituendum
862 2274 941 2328 osse
967 2265 1065 2328 recte
1090 2255 1151 2326 vi-

93 2381 200 2470 dent,
232 2401 303 2452 non
330 2387 442 2450 temen
468 2379 535 2452 hoc
559 2381 675 2474 putori
702 2379 929 2453 adnotandum
957 2403 1056 2472 esse,
1086 2382 1153 2454 scd

91 2509 134 2580 iis
162 2515 288 2578 tuntum
314 2505 414 2596 locis,
439 2504 720 2578 uhi-coniectura
738 2503 969 2580 Censorinum
994 2511 1150 2600 tentavit,

90 2635 301 2706 mentionem
332 2635 407 2704 eius
437 2631 517 2706 feci.
582 2632 727 2704 Prueter
764 2653 841 2704 eum
877 2635 978 2704 etium
1018 2634 1149 2706 lenus

93 2755 367 2831 Gnitielmins
395 2757 573 2853 [verisim.
602 2757 670 2847 ill,
689 2758 789 2849 dd)
818 2767 853 2829 et
878 2757 1151 2833 *stewechius

93 2884 162 2976 (ud
190 2884 317 2978 Veget-
347 2905 381 2979 p.
400 2882 503 2977 221)
548 2883 638 2956 hunc
675 2882 830 2956 codicem
872 2893 1149 2958 commemorent.

91 3011 213 3104 Longe
239 3011 400 3085 diversus
424 3009 466 3082 ab
493 3010 560 3084 boo
587 3020 640 3085 est
657 3011 772 3084 codex
792 3021 899 3086 mstus
918 3009 1151 3104 coloniensis,

92 3157 195 3232 quem
216 3135 336 3232 casp.
349 3137 557 3213 ‘Burtbius
576 3138 676 3232 [adv.
696 3138 829 3228 xvtll,
842 3136 911 3230 14)
938 3138 1027 3234 apud
1041 3137 1149 3212 Ubios

90 3264 127 3333 in
152 3266 375 3357 possessione
394 3263 572 3340 Michaelis
591 3263 785 3338 Muscerelii
809 3285 848 3336 se
867 3245 998 3337 nurse
1016 3273 1051 3334 et
1072 3285 1148 3334 cum

91 3388 243 3462 editione
276 3389 430 3462 Merulae
469 3389 653 3463 contulisse
684 3398 809 3460 narret.
879 3388 971 3472 Quas
1004 3409 1051 3459 ex
1083 3386 1150 3460 hoc

90 3513 177 3588 libro
216 3514 384 3587 lectiones
422 3514 528 3587 attulit
566 3516 602 3584 in
642 3513 852 3587 adversariis
891 3491 1064 3608 (XVIII,⁸
1088 3514 1147 3586 14.

90 3640 240 3732 XXVII,
255 3639 339 3736 19),
367 3663 431 3713 cue
457 3662 533 3712 cnm
559 3641 644 3714 mire
672 3663 691 3712 e
718 3641 844 3713 ceteris
870 3641 1043 3716 codicibus
1072 3639 1149 3714 dis-

91 3776 250 3861 crepent,
286 3769 515 3864 suspicionem
550 3775 710 3857 movent‚
746 3763 858 3838 fictum
886 3790 967 3842 esse
992 3765 1149 3842 codicem

90 3893 293 3985 eparchio,
326 3917 425 3992 quem
452 3918 472 3966 u
499 3893 556 3966 teli
589 3893 710 3965 frende
743 3893 833 3966 haud
866 3894 1013 3968 alienum
1038 3893 1148 3968 tuisse

90 4026 206 4090 notum
233 4030 294 4092 est.

128 4192 154 4265 ¹³)
175 4191 212 4248 V.
225 4203 349 4250 novanti.
362 4195 436 4252 lectt.
449 4215 494 4272 ep.
508 4199 535 4252 6.
550 4195 595 4253 14.
607 4197 654 4252 27.
666 4197 713 4252 35.
725 4198 771 4254 42.
783 4197 830 4253 47.
843 4199 889 4254 56.
903 4199 949 4254 67.
962 4197 1008 4255 82.
1021 4199 1069 4254 89.
1082 4199 1148 4256 125.

893 4295 911 4356 b
