2896 4896
388 401 441 460 DE
460 401 525 460 DIE
545 401 693 460 Nouam
713 403 797 462 CAP.
810 405 841 462 4.
1126 409 1146 466 9

90 564 162 632 neri
182 573 283 656 eaput
312 561 547 654 exordiannque
573 561 699 630 nullum
724 562 868 630 extitisse
895 561 1035 634 arbitrali
1061 575 1147 650 sunt,

91 679 149 746 alii
166 700 245 746 vero
268 679 367 746 fusse
388 687 515 768 tempus
548 699 624 745 enm
643 677 791 746 homines
812 699 879 746 nou
901 687 1023 761 essent,
1046 691 1078 748 el
1095 681 1148 750 hie

91 802 202 862 ortum
217 792 359 884 &wem
371 793 626 884 principiumque
640 802 755 860 natura
771 791 934 860 tn'huluna
978 793 1046 862 Sed
1062 798 1181 887 priora

90 907 150 976 illa
168 907 343 988 senlenlia,
365 929 430 997 qua
450 926 581 998 semper
604 906 782 976 humanum
803 929 906 998 genus
928 909 1027 976 luisse
1048 911 1152 980 uredi-

65 1033 163 1106 stur„
180 1031 329 1090 auctores
349 1019 446 1088 hahet
464 1022 673 1114 Pythagoran
695 1022 842 1090 Samium
865 1032 898 1090 el
919 1022 1070 1092 Ocellam
1085 1023 1153 1094 Lu-

95 1157 214 1205 canum
236 1146 270 1204 et
289 1135 455 1226 Archytae
476 1136 687 1206 Tarentinum
714 1159 892 1228 omnesque
921 1137 1004 1206 adeo
1030 1139 1153 1230 Pyua-
1200 1153 1205 1160 '

95 1252 233 1342 gorieos.
276 1251 335 1318 sed
357 1261 393 1319 et
410 1250 504 1319 Plato
526 1251 729 1322 Atheniensis
757 1261 791 1319 el
810 1249 1016 1322 Xenocrates
1039 1263 1073 1324 el
1092 1255 1153 1322 Di-

96 1365 275 1434 caearchus
293 1365 474 1434 Messenius
500 1367 649 1458 itemque
672 1368 823 1458 antiquae
844 1368 1029 1438 academiae
1048 1369 1152 1462 philo

98 1479 193 1571 sophi
212 1503 279 1548 non
301 1479 388 1567 aliud
408 1481 559 1549 videtsmr
575 1482 707 1571 opinati,
728 1479 917 1553 Aristoteles
932 1504 1062 1576 quoque
1078 1485 1154 1554 Sla-

57 1616 87 1656 ao
99 1594 211 1684 gisilae
233 1605 267 1662 et
287 1593 532 1685 Theophrastus
552 1593 709 1688 mollique
730 1605 898 1695 praelerea
913 1619 980 1664 non
997 1597 1155 1688 ignobiles

96 1709 300 1800 peripaleliei
309 1710 398 1778 idem
412 1710 616 1802 sesipoemnt.
647 1711 730 1780 Dius·
739 1712 855 1804 quaeri
868 1710 1021 1802 exemplo
1036 1711 1155 1798 haunt,

99 1822 196 1913 quel
211 1833 333 1914 negant
352 1825 481 1892 omnino
503 1848 602 1916 posse
622 1828 766 1918 repositi,
785 1849 910 1896 avesna
931 1836 1007 1896 ante
1028 1850 1071 1894 an
1091 1851 1155 1898 ova

98 1947 256 2026 generata
281 1940 360 2022 sint,
387 1963 462 2008 oum
484 1950 517 2010 et
538 1963 641 2008 ovum
662 1942 734 2008 sine
760 1963 822 2008 ave
849 1950 882 2006 et
908 1941 977 2008 avis
998 1939 1070 2006 sine
1091 1962 1156 2008 ovo

99 2052 191 2142 gigni
210 2074 277 2120 non
298 2055 410 2145 possit
453 2057 564 2147 itaque
586 2063 619 2122 et
640 2055 795 2135 omium,
816 2067 900 2144 quae
915 2054 1189 2144 in'sempitemol

60 2193 88 2232 os
100 2167 164 2234 islo
186 2167 309 2234 mundo
333 2191 465 2258 sempen
485 2169 615 2236 luonml
636 2169 808 2258 fumraque
827 2175 913 2250 sunl,
933 2168 1022 2238 aiunt
1040 2170 1157 2260 prinei—

98 2282 191 2372 pium
212 2281 312 2348 lunae
331 2280 472 2364 nullum,
503 2281 562 2350 sed
590 2280 701 2350 orbem
723 2305 796 2350 esse
818 2282 980 2374 quendam
1000 2297 1158 2374 generun-

99 2397 181 2462 linm
201 2396 485 2488 nasaenliumque,
502 2397 536 2464 in
559 2418 623 2488 quo
645 2400 898 2490 unuscuusque
916 2399 1016 2488 genili
1033 2400 1158 2468 initium

101 2604 121 2658 3
141 2599 297 2678 aliquando
375 2606 410 2660 11
432 2602 553 2678 eiusque
572 2601 615 2662 rei
634 2571 768 2680 exempla

103 2783 118 2837 1
143 2777 238 2856 copul
256 2778 293 2836 D.
351 2778 553 2856 exordiumque
571 2779 716 2856 glossema
734 2779 921 2838 habetFuhr.
942 2780 961 2836 I.
976 2779 996 2838 l.
1062 2782 1161 2841 ¹loli-

102 2855 217 2932 quoodo
236 2855 247 2912 l
267 2853 427 2932 (lullonum
448 2853 490 2926 a)
583 2857 695 2934 lonae
712 2857 750 2915 D.
777 2874 850 2934 quoe
868 2875 895 2915 a.
915 2855 1034 2915 asdodii
1051 2877 1089 2916 m.
1111 2859 1180 2917 CI.‘

104 2933 198 2990 Varro
217 2933 254 2991 R.
274 2933 310 2992 R
329 2933 444 3002 Il,1‚3.
502 2937 521 2993 5
540 2933 625 3006 moa.
645 2935 681 2992 R.
743 2935 878 2993 Doooium
895 2933 959 3002 DR,
987 2937 1113 2994 oooeium
1131 2955 1159 3014 g,

103 3012 210 3066 molum
229 3027 251 3080 r,
271 3012 392 3067 aeonium
411 3009 449 3068 la.
471 3011 600 3069 Ocellam
612 3019 680 3070 rest.
695 3011 753 3069 Th.
770 3012 886 3069 Cantor.
901 3011 971 3069 Van.
987 3011 1099 3080 lactei,
1112 3019 1159 3073 17.

103 3085 220 3160 Menag.
246 3085 285 3143 ad
302 3086 388 3162 Diog.
408 3088 443 3145 L.
462 3086 538 3155 VIII,
553 3091 600 3146 80.
625 3088 693 3146 hist.
714 3089 782 3146 mul.
802 3088 873 3168 phil.
894 3093 960 3148 101.
995 3089 1042 3146 CI.
1063 3089 1159 3149 Oceli.

104 3163 176 3220 Luc.
198 3162 235 3220 de
255 3163 330 3219 univ.
352 3183 376 3220 o.
393 3167 421 3221 3.
443 3163 479 3221 el.
498 3164 620 3222 Philone
640 3164 677 3222 de
699 3174 755 3222 aet.
775 3165 874 3222 muudi
893 3185 923 3244 p.
939 3165 997 3224 489
1010 3165 1050 3222 Μ.

105 3243 123 3295 6
143 3237 308 3312 Adranam
320 3239 358 3310 D,
376 3239 528 3298 Archiloan
538 3242 594 3318 Rg.
633 3241 669 3300 oh
683 3260 714 3300 oo
735 3261 774 3324 a..
821 3241 905 3314 Poto.
928 3241 974 3298 Cf.
994 3241 1161 3304 Deolmann

106 3365 143 3422 oe
161 3364 283 3440 Pythag.
304 3366 367 3424 reu.
388 3371 502 3444 pouq.
567 3327 788 3427 ananensis
805 3365 843 3422 u.
869 3365 917 3422 iu.
936 3370 963 3420 a
981 3367 1054 3420 xeo.
1074 3365 1162 3423 noae

105 3445 217 3498 euneos
240 3439 305 3498 eod.
326 3445 406 3520 apud
424 3443 525 3500 Barth.
546 3443 565 3500 l.
585 3442 606 3500 l.
632 3441 680 3498 Cf.
700 3443 784 3499 Plato
803 3442 879 3518 legg.
900 3440 1160 3520 v1p.7e11·:.sq.

107 3515 302 3576 Dioooooohus
320 3517 350 3574 in
369 3519 442 3576 libro
469 3519 506 3576 de
525 3520 654 3585 Interitu,
673 3537 699 3575 v.
721 3517 831 3576 Osann.
851 3517 943 3576 Beitr.
963 3518 988 3575 II
1007 3537 1037 3596 p.
1048 3519 1087 3578 57
1096 3537 1161 3596 sqq.

107 3596 212 3654 Silam
231 3600 291 3651 ool.
311 3593 351 3671 gl.
416 3599 435 3654 9
455 3596 574 3670 opinari
592 3611 630 3651 m.
689 3595 859 3652 Arestololla
877 3594 913 3664 D,
938 3596 1106 3655 Arintotolisa
1126 3599 1162 3654 R.

106 3669 253 3745 sloohills
272 3670 309 3728 D.
368 3677 407 3730 10
426 3671 610 3748 theoprooluo
628 3671 664 3730 R.
686 3671 733 3730 Cf.
753 3672 864 3732 Osann.
885 3673 904 3730 l.
925 3673 945 3731 l.
965 3693 995 3752 p.
1005 3675 1044 3730 62
1054 3693 1118 3752 sqq.

109 3752 144 3806 11
173 3750 377 3824 pooipoleullioi
395 3748 433 3806 D.
497 3745 694 3808 'oooihoasunt
712 3749 749 3806 D.
836 3754 953 3827 eiusque
974 3752 1017 3808 rai
1035 3751 1165 3826 eennplo

108 3823 209 3892 codd„
231 3825 309 3900 quod
330 3829 453 3886 correxit
471 3825 647 3884 Lachmann.
718 3831 756 3886 12
775 3829 826 3904 qul
843 3836 946 3902 noyonl
966 3846 992 3884 a.
1059 3834 1165 3900 noyonl

108 3919 165 3959 ooo
183 3918 270 4016 posse
286 3902 343 3978 gla.
420 3921 531 3982 repom
551 3903 615 3962 DR.
694 3907 795 3966 noemi
813 3912 877 3962 oola
895 3921 966 3964 oues
987 3922 1044 3962 ouo
1063 3903 1084 3959 l.

113 4032 152 4086 13
171 3987 348 4100 omnuim
366 4033 404 4089 Ι).
425 4033 560 4091 Ceterum
581 4032 619 4089 cf.
636 4032 1018 4110 Plut.symp.11,3,2sqq.
1038 4029 1166 4088 Macroh.

113 4105 177 4162 Sat.
188 4102 250 4170 VII,
261 4108 307 4172 10,
318 4110 366 4164 ubi
377 4109 451 4168 haee
467 4109 599 4184 quaestio
614 4109 747 4182 agitatur.
776 4139 782 4147 .
807 4112 844 4169 15
858 4127 912 4183 ouo
925 4109 955 4164 iu
968 4124 1025 4164 ras.
1037 4107 1166 4168 a2m.D.

115 4183 152 4241 16
172 4177 331 4256 quoantloaa
350 4183 387 4240 D.
447 4189 483 4244 17
504 4185 711 4257 uaniusquisquo
728 4183 765 4240 D.
