2896 4896
321 463 360 522 34
620 455 676 514 DE
694 455 760 513 Dur
780 451 928 513 Noram
948 451 1032 510 CAP.
1047 455 1094 510 14.

312 645 360 690 ea
378 627 487 688 aetate
510 638 627 708 coqrue
649 616 746 683 senio
754 615 825 682 -iam
850 612 1019 680 laboraret
1066 609 1282 700 Hippocrates
1311 630 1410 682 mer

319 739 411 806 dicus
432 737 466 802 in
487 743 613 824 reptem
635 731 755 822 gradus
778 738 899 798 aetates
920 724 1088 794 dntnbuit.
1135 722 1232 790 iruem
1258 725 1387 814 primae

318 852 446 943 putavit
475 871 548 916 esse
578 847 751 937 septimum
778 865 913 924 armum,
936 837 1099 909 secundae
1121 848 1271 928 quartum
1297 839 1385 907 deci-

318 987 418 1048 mum,
431 965 545 1032 tertiae
561 959 896 1039 duodetricensimurn‚
910 964 1042 1047 quartae
1054 943 1275 1022 tricensimum
1289 961 1383 1048 quin-

292 1091 403 1162 5tum,
432 1079 560 1170 quintae
584 1074 647 1141 duo
669 1083 702 1140 et
728 1071 1050 1164 quadragensimum,
1077 1075 1191 1136 sextae
1221 1073 1382 1163 quinqua-

282 1242 285 1252 ·
317 1194 498 1286 gensirmrm
519 1198 659 1271 sextum,
681 1189 837 1279 septimae
857 1185 1070 1252 novissimum
1085 1205 1205 1286 annum
1218 1185 1309 1253 vitae
1323 1187 1381 1254 hn-

316 1330 442 1376 manae.
480 1301 590 1375 ‘solon
611 1313 720 1372 autem
741 1300 855 1369 decern
876 1308 983 1390 partes
1005 1299 1098 1379 iecit,
1121 1306 1153 1364 et
1173 1297 1402 1390 Hippocratisr

316 1421 453 1514 gradum
475 1419 604 1487 tertium
626 1427 659 1485 et
680 1426 811 1484 sextum
827 1425 860 1482 et
875 1415 1048 1506 septimum
1069 1413 1213 1502 singulos
1231 1415 1378 1483 bifariam

316 1537 437 1622 divicit,
472 1545 510 1602 ut
539 1537 753 1623 unaquaeque
787 1541 876 1598 aetas
915 1519 1017 1596 annos
1051 1527 1185 1596 haberet
1213 1539 1376 1619 septenos.

277 1665 306 1706 ¹⁰
317 1653 451 1723 Staseas
471 1646 699 1740 peripateticus
722 1643 762 1712 ad
784 1642 842 1710 has
865 1641 995 1711 Solonis
1021 1643 1135 1710 decern
1156 1641 1401 1714 bebdomadast

315 1764 436 1832 addidit
457 1763 555 1843 duas,
583 1769 615 1827 et
636 1761 775 1851 spatium
797 1757 912 1849 plenae
939 1758 1025 1824 vitae
1050 1767 1200 1848 quattuor
1226 1766 1259 1824 et
1287 1771 1376 1828 octo-

314 1880 403 1968 giuta
425 1899 582 1942 annaurm
606 1895 679 1940 esse
703 1873 796 1956 dixit3
829 1896 925 1964 quem
947 1873 1120 1938 terminum
1141 1873 1169 1938 si
1191 1876 1260 1963 quis
1281 1898 1375 1964 prae-

313 1993 402 2078 terit,
429 1993 536 2059 facere
563 1990 650 2056 idem
679 1986 766 2078 quod
793 1987 1032 2054 stadiodromoe
1061 2009 1099 2053 ac
1128 1987 1304 2078 quadrigae
1328 1991 1373 2055 ta-

313 2108 413 2188 ciunt,
434 2129 509 2172 cum
532 2115 623 2172 extra
639 2102 743 2172 'tinem
763 2112 965 2192 procurrunt
1014 2101 1158 2168 Etruscis
1186 2125 1317 2193 quoque
1337 2104 1398 2171 lte

277 2220 381 2288 rebrie
407 2219 554 2286 tatalibus
582 2227 722 2285 aetatem
748 2215 885 2283 hominis
918 2215 1089 2282 duodecim
1120 2215 1373 2286 hebdomadibus

308 2333 451 2402 describi
472 2333 578 2401 Varro
600 2341 843 2402 commemorat.
886 2330 909 2416 ’ς
932 2355 1014 2421 quac
1033 2330 1097 2398 duo
1115 2331 1156 2398 ad
1174 2331 1280 2400 decies
1299 2357 1373 2422 sep-

313 2537 332 2591 3
352 2550 417 2590 esse
438 2549 493 2588 aar.
570 2533 684 2607 7part.
704 2528 761 2586 sec.
783 2527 845 2584 dec.
924 2531 960 2585 13
981 2523 1198 2606 στοάιοάράμοι

312 2701 329 2754 1
340 2698 410 2754 toro
420 2711 478 2752 τοι.
491 2692 548 2751 lab.
559 2689 768 2770 nguatoreo).
820 2691 890 2747 Post
902 2689 1048 2750 laboraret
1062 2692 1090 2748 in
1102 2693 1128 2746 D
1142 2691 1246 2767 legitur
1256 2690 1324 2748 irinc
1336 2693 1373 2751 od

310 2771 492 2847 piroepbororr
505 2787 575 2845 quoe
587 2777 629 2826 cet
644 2773 758 2826 Veneria
768 2768 854 2826 sotto
864 2765 923 2838 [σοι
934 2765 1106 2824 tantumdem
1117 2769 1170 2826 boc
1179 2775 1221 2825 eor
1232 2768 1313 2826 aliud
1325 2789 1371 2826 οσ-

310 2850 580 2912 retrocedatur.
637 2848 823 2920 Hippocratis
832 2845 870 2900 D.
887 2844 957 2900 Eius
970 2846 1056 2900 verba
1067 2845 1140 2902 baec
1152 2846 1275 2903 servavit
1284 2845 1372 2902 Philo

312 2921 349 2978 de
359 2922 459 2978 muudi
474 2923 545 2998 opis.
557 2926 630 2998 p.26
640 2923 680 2978 M.
694 2922 744 2994 (cl.
755 2921 830 2977 Poll.
844 2939 890 2978 on.
903 2917 992 2994 11,1):
1014 2913 1064 2975 Ἐν
1083 2913 1253 2994 ἀνθρώπου
1277 2917 1371 2996 φάσει

312 2989 578 3069 testatamenti,
598 2991 635 3064 ἃς
655 2989 774 3068 ἡλικίας
790 2991 933 3052 καλέουσι
958 2992 1089 3066 παιδίον,
1106 3003 1189 3068 παῖς,
1208 2988 1371 3071 μειράκιον

311 3069 361 3130 καὶ
380 3067 412 3128 ui
431 3068 544 3128 λοιποί.
570 3069 620 3128 καὶ
639 3068 762 3128 παιάΙον
778 3071 834 3143 μέν
852 3069 916 3128 ἐστι
928 3039 1017 3146 άχρις
1029 3063 1107 3130 ἔπτὰ
1128 3071 1213 3146 ἐτῶν,
1233 3065 1372 3132 ὀδόντων

311 3145 454 3242 ἐκβολῆς·
476 3149 549 3216 ποΐς
568 3143 599 3204 d'
615 3140 685 3224 άχρι
698 3149 790 3224 γονῆς
807 3142 975 3224 ἐκφύσεως,
997 3143 1039 3217 οῖς
1059 3143 1098 3206 τὰ
1119 3147 1166 3218 tte
1186 3143 1280 3208 ἑπτά·
1300 3171 1371 3222 μει-

331 3244 418 3283 ακιον
439 3217 471 3283 d’
485 3217 555 3320 dppr
577 3223 692 3302 γενείου
713 3220 895 3299 λιιχνώστσις
917 3221 949 3293 ἒς
964 3222 1003 3282 τά
1017 3223 1083 3300 τρὶς
1099 3219 1191 3283 ἑπτά·
1211 3223 1372 3292 νεανίσκος

310 3244 342 3360 i'
364 3297 454 3377 άχρις
480 3297 627 3378 αυξήσιος
652 3297 727 3358 ὅλου
753 3301 808 3359 τοῦ
835 3298 980 3374 σώματος
1005 3299 1035 3369 ἐς
1056 3297 1094 3360 τά
1116 3297 1255 3378 τετράκις
1274 3295 1370 3360 ἑπτά·

308 3371 388 3454 ἀνὴρ
408 3373 439 3438 d'
459 3371 550 3452 άχρις
569 3373 637 3447 ἑνὸς
657 3373 780 3446 δέοντος
801 3373 1006 3451 πεντήκοντά,
1028 3375 1059 3446 ἐς
1080 3373 1118 3436 τά
1132 3374 1256 3448 ἑπτάκις
1271 3372 1369 3438 ἑπτά·

308 3449 483 3529 πρεσβύτης
494 3451 524 3512 d'
536 3451 609 3530 ἄχρι
622 3448 809 3530 πεντήκοντα
823 3449 866 3528 ἕξ,
886 3453 917 3522 ἐς
930 3449 968 3512 τά
980 3446 1105 3526 ἑπτάκις
1116 3449 1213 3516 ὀπτά·
1234 3451 1269 3516 τά
1281 3451 1309 3514 d’
1321 3456 1371 3516 dr-

307 3531 417 3590 τεῦθον
437 3529 542 3606 γέρων.
582 3534 657 3590 Hine
670 3533 823 3592 Censorini
841 3535 929 3590 verba
949 3534 1053 3610 corrigi
1073 3535 1155 3592 iussit
1175 3533 1370 3594 Valckenaer.

306 3608 343 3665 de
363 3609 486 3667 Aristob.
506 3629 536 3686 p.
549 3613 614 3668 103.
732 3614 750 3666 3
770 3627 830 3666 esee
849 3629 904 3666 om.
925 3610 979 3684 Rg.
1078 3615 1095 3670 9
1116 3618 1149 3666 ot
1168 3631 1223 3668 ora.
1244 3611 1282 3666 D.

305 3688 343 3741 10
363 3685 481 3742 sameas
500 3685 720 3762 Neapolitanus,
740 3703 766 3741 v.
783 3685 829 3753 14,
841 3691 887 3744 10.
910 3685 971 3742 Cic.
985 3685 1021 3744 de
1036 3707 1078 3744 or.
1092 3687 1113 3754 Ι,
1124 3691 1172 3756 22,
1183 3687 1248 3746 104.
1264 3687 1368 3744 defin.

304 3760 340 3830 V,
353 3764 420 3830 3,s.
440 3763 488 3828 25,
499 3765 546 3820 75.
619 3760 656 3817 14
675 3768 701 3816 et
720 3779 819 3818 rursus
840 3781 948 3838 quoquo
965 3763 1003 3820 D.
1073 3763 1136 3820 libri
1155 3763 1263 3835 fatales
1284 3784 1367 3820 corn·

301 3845 495 3896 memorantur
513 3837 576 3894 Lrv.
591 3837 627 3904 V,
642 3836 687 3904 14,
698 3837 726 3894 4.
748 3837 838 3905 ΧΧΠ,
851 3845 879 3905 tt,
889 3842 917 3898 8.
938 3839 1026 3907 XLII,
1039 3843 1069 3908 2,
1079 3843 1106 3898 6.
1123 3841 1231 3896 ΑτοοΙ).
1245 3840 1367 3908 v11‚47.

301 3914 382 3974 Serv.
403 3911 761 3990 advirg.aen.11,140.
791 3913 899 3972 Verum
919 3913 998 3972 hisce
1019 3916 1088 3973 locis
1109 3917 1156 3972 rix
1176 3933 1194 3972 a
1213 3917 1293 3974 libris
1314 3918 1366 3976 Si-

300 3991 416 4066 bylliuis
441 3990 665 4067 distinguuntur,
692 3999 805 4048 nostros
833 4009 899 4048 vero
919 3990 1035 4050 Mulier.
1061 3993 1176 4050 Etrusk.
1198 3992 1224 4048 11
1243 4013 1273 4070 p.
1286 3997 1324 4051 31
1349 4014 1366 4052 a

300 4068 449 4126 ritualibus
471 4068 540 4144 (vid.
563 4087 588 4124 c.
609 4063 692 4140 11,6)
713 4066 794 4124 baud
814 4066 942 4124 diversor
963 4087 1029 4126 esse
1050 4078 1099 4126 ant
1119 4070 1244 4126 ibrtasse
1263 4073 1367 4128 ettae-

299 4141 372 4201 titos
390 4144 436 4202 bic
456 4163 571 4222 quoqne
591 4142 774 4202 scribendum
795 4152 902 4200 censet.
982 4147 1018 4202 16
1039 4145 1121 4202 Haec
1141 4145 1179 4202 ad
1201 4145 1367 4204 doctrinam

295 4220 448 4295 pertinent,
470 4239 526 4297 qua
547 4222 607 4280 fata
628 4219 738 4279 differri
759 4237 846 4296 porse
868 4221 978 4296 antiqui
990 4223 1164 4289 censebant,
1187 4241 1211 4280 v.
1229 4223 1364 4280 Labeci.
