2896 4896
159 405 163 412 ·
269 401 293 438 x
644 369 955 441 PROLEGOMENA.

269 566 333 646 per
359 556 464 620 ιοιιιιιι
493 545 642 620 libellum
674 569 759 642 prae
786 571 825 622 so
857 547 943 639 iarn
976 551 1128 644 quaesita
1160 552 1334 625 sermonis

201 667 209 678 '
269 676 439 769 elegantia
471 683 506 746 el
536 672 710 748 rhetorico
744 673 886 750 arlilioio
917 674 1023 749 husee
1061 699 1109 748 ex
1147 675 1333 772 philologis

268 803 521 876 oornrnenlariis
553 800 705 874 delaolas
738 801 1011 896 quaestiunculas
1047 804 1104 898 (p.
1121 802 1248 897 4‚17]
1276 807 1332 876 ila

267 930 474 1020 exornandi,
492 936 530 999 ιιι
550 927 675 1021 dignae
698 939 817 1002 essent
834 951 922 1025 quae
941 932 1019 1004 viru
1036 933 1136 1004 laniis
1156 930 1332 1026 eloquen-

264 1061 333 1130 liae
358 1055 514 1130 laudibus
541 1053 719 1128 oelelrralo
738 1056 791 1151 (p.
804 1055 868 1146 41,
882 1056 927 1148 3)
955 1054 1103 1130 natalicii
1130 1056 1223 1131 titulo
1242 1060 1330 1130 milli

262 1192 418 1281 possem·
464 1183 510 1254 Ει
534 1181 643 1275 longe
666 1201 750 1257 sana
777 1183 877 1256 distat
902 1181 989 1255 haeo
1015 1182 1204 1278 eleganliu3
1237 1209 1328 1280 quae

263 1309 363 1383 nobis
390 1309 526 1405 quidem
551 1311 654 1381 nimia
680 1309 817 1382 viderur
844 1318 879 1382 et
898 1310 1065 1398 alleolula,
1085 1310 1127 1384 ab
1147 1335 1327 1405 gramma·-

262 1440 328 1510 lioa
356 1436 528 1527 exilitate,
562 1456 662 1532 quam
685 1439 721 1510 in
752 1435 947 1530 fragmento
979 1459 1083 1533 supro
1115 1437 1216 1516 auaro
1242 1441 1324 1512 uni·
1427 1513 1428 1530 ¹

259 1566 479 1639 madverlere
504 1564 595 1636 lieet.
1003 1552 1005 1557 ’

335 1693 401 1764 Ηίο
428 1689 610 1764 Censorini
635 1686 768 1761 libellus
795 1688 963 1764 mulilolus
988 1689 1169 1784 legebatur
1194 1694 1261 1764 iarn
1286 1695 1322 1764 in

258 1842 302 1892 eo
329 1818 469 1909 oodioe,
502 1839 549 1890 ex
575 1838 641 1911 quo
668 1837 788 1888 omnes
821 1815 968 1890 derivari
1000 1827 1079 1890 sunl
1109 1798 1188 1892 libri
1219 1841 1321 1892 manu

257 1949 385 2042 scripti,
413 1967 498 2041 quos
522 1943 625 2017 hodie
651 1940 826 2018 hebernus.
863 1942 1072 2040 Quamquam
1099 1949 1191 2018 enirn
1211 1970 1231 2016 a
1248 1969 1320 2020 ne-

256 2076 348 2144 rnine
375 2072 596 2146 observatum
631 2077 684 2144 eol
715 2068 818 2142 finem
851 2069 938 2144 libro
966 2073 1113 2163 deesse,
1145 2073 1179 2144 id
1205 2082 1320 2146 lamen

254 2201 309 2288 iis,
337 2219 423 2291 quae
450 2221 482 2292 p.
498 2197 546 2267 72
573 2198 700 2268 monita
727 2206 816 2287 sunl,
843 2200 924 2272 salis
950 2199 1129 2295 probatum
1156 2209 1219 2273 esi.
1267 2200 1319 2272 lla

255 2333 369 2420 polest
405 2321 588 2418 explicari,
623 2323 678 2415 qui
709 2319 835 2392 facturn
868 2326 930 2414 sil,
961 2335 998 2397 ιιι
1030 2327 1115 2400 alius
1143 2327 1317 2400 cuiusdam

255 2453 432 2547 scriptoris
458 2447 591 2520 libellus
615 2449 650 2518 in
678 2448 789 2541 eapite
814 2449 946 2524 mutilus
974 2453 1008 2522 in
1033 2453 1190 2528 omnibus
1212 2454 1317 2527 oudi-

253 2577 349 2652 eibus
376 2587 532 2671 tanquam
558 2597 638 2670 pars
664 2595 742 2644 aum
763 2573 956 2650 Censorino
982 2581 1183 2654 coniunelus
1204 2603 1315 2676 repe-

251 2707 368 2777 riulur.
420 2703 450 2776 E
478 2702 599 2777 oodioe
626 2703 716 2774 enim
742 2703 929 2800 archetypo
962 2727 1043 2778 casu
1070 2707 1217 2802 quodam
1243 2731 1314 2780 ex-

253 2830 408 2904 ciderant
439 2829 521 2902 lolia
553 2830 695 2925 aliquoi,
735 2831 771 2900 in
806 2831 927 2924 quibus
960 2831 1037 2907 linis
1067 2832 1144 2904 libri
1178 2834 1222 2906 do
1257 2835 1314 2908 die
1426 2893 1427 2936 ἢ

252 2955 355 3028 natali
383 2965 418 3028 el
438 2957 567 3027 iniliurn
594 2954 732 3028 alterius
752 2954 841 3028 illius
862 2961 1024 3054 scriplum
1045 2970 1131 3051 aral,
1154 2962 1244 3056 quod
1263 2961 1313 3034 li·
1426 2985 1427 3016 ι

144 3147 147 3156 .
251 3083 356 3157 brerii
383 3105 452 3157 non
479 3082 809 3174 animadverterunt,
840 3094 1015 3180 uinaque
1041 3091 1203 3184 oprimis
1230 3091 1312 3162 edi-

252 3211 383 3286 lorihus
403 3209 611 3282 intellectum
631 3220 693 3283 est.
747 3209 819 3284 Sed
837 3209 1014 3309 postquem
1035 3214 1187 3290 Carrio
1207 3215 1311 3310 frag·
1426 3235 1427 3314 ι

250 3349 401 3412 menium
426 3339 493 3412 hoe
519 3340 693 3436 separavit
718 3349 751 3410 el
778 3337 819 3410 ab
847 3339 912 3413 alio
946 3352 1087 3415 auclore
1119 3344 1310 3439 profectum

252 3487 332 3537 esse
350 3468 595 3560 proueniant,
615 3489 730 3558 nemo,
749 3470 1015 3562 prinnannus
1035 3474 1162 3565 estqui
1184 3473 1228 3544 de
1244 3472 1310 3544 hao

250 3613 291 3662 re
311 3589 480 3663 dubitaret
495 3594 870 3686 praelerBarlhium.
910 3595 944 3668 Is
966 3599 1056 3668 enim
1068 3597 1149 3670 olim
1163 3619 1202 3671 se
1219 3622 1308 3694 pro-

250 3716 407 3788 balurum
427 3739 508 3790 esse
528 3721 683 3813 promisit
704 3719 878 3814 (Advers.
900 3722 957 3813 nl,
979 3723 1039 3795 24.
1068 3723 1110 3795 ad
1131 3722 1305 3796 Claudian.

250 3845 406 3922 oramen.
427 3867 459 3938 p.
475 3844 585 3936 340),
611 3843 792 3920 Censorini
817 3847 885 3922 hoo
909 3873 989 3924 esse
1013 3850 1306 3945 fragmentum).

288 4035 314 4110 *)
333 4038 465 4098 Breviter
483 4039 611 4096 Biihrii
631 4059 756 4098 errorem
777 4052 860 4112 noto,
888 4046 936 4120 qui
958 4065 1021 4102 curn
1043 4046 1069 4102 in
1091 4045 1208 4102 historia
1229 4046 1305 4103 litte-

326 4133 419 4171 raruun
440 4117 633 4175 Rornanorum
654 4117 692 4189 (ll
711 4139 740 4196 p.
751 4117 821 4191 465)
843 4129 920 4178 recte
942 4141 958 4177 a
979 4123 1131 4180 Cnrrrione
1151 4121 1207 4178 hoc
1226 4122 1305 4198 frag·
1329 4161 1333 4168 -
