2852 4892
414 453 650 514 manuum
670 453 754 513 CAP.
769 455 816 513 14.
1099 463 1137 519 97
1238 405 1240 410 Α

119 617 186 704 Qui
198 636 316 707 repens
328 613 521 704 semipuhus
533 637 632 682 onere
647 616 738 705 gravi
749 616 834 682 fores
849 616 983 705 strepitu
994 626 1122 686 terrent.

69 733 238 823 recipiunt
257 729 357 819 pedes
380 731 527 811 creticos,
549 728 692 811 chorios,
714 729 883 820 spondios,
903 731 1043 815 iambos,
1063 733 1138 801 bra-

70 845 292 938 chysyllabos,
314 853 516 933 anapaestos.
559 843 720 912 Undecim
735 843 931 934 syllabarum
946 843 1138 914 Phalaecius

326 958 446 1028 Passer
465 957 599 1026 deliciae
620 979 713 1026 meac
734 957 870 1049 puellae.

44 1106 58 1145 s
72 1076 195 1165 recipit
205 1074 307 1164 pedes
318 1073 500 1164 spondium,
514 1071 687 1162 dactylum,
699 1075 863 1156 creticum,
872 1073 1137 1165 palinhacchium.

72 1189 252 1281 Angelicus
274 1211 429 1256 numerus
448 1184 606 1276 syllabam
629 1197 753 1256 coartat
772 1187 972 1272 hexametro,
992 1199 1029 1256 ut

152 1303 303 1371 Hectoris
325 1299 562 1383 Andromache,
584 1299 730 1392 Pyrrhin'
752 1302 911 1370 connubia
933 1303 1067 1372 servas?

72 1419 311 1488 Anacreontius

295 1529 299 1536 ’
328 1530 436 1599 Miseri
457 1521 556 1599 invidi
577 1529 714 1597 vivimus
738 1531 886 1598 scientes.

34 1675 62 1716 ro
73 1649 193 1740 recipit
212 1643 428 1738 pyrrhichios,
450 1645 610 1728 chorium,
637 1645 822 1738 spondium,
849 1643 1140 1736 brachysyllabum,

73 1772 297 1854 anapaestum.
340 1761 462 1852 primus
492 1781 622 1852 semper
651 1768 700 1826 est
719 1757 929 1853 pyrrhichius.
973 1759 1137 1830 Numerus

72 1877 247 1947 Saturnius
700 1870 704 1876 ’

11 1968 16 1974 ’
174 1991 329 2081 Magnum
349 1983 519 2056 numerum
541 1985 716 2078 triumphat
736 1985 881 2054 hostibus
904 1988 1046 2057 devictis.

75 2116 155 2173 sunt
176 2106 231 2198 qui
251 2103 338 2172 hunc
358 2101 576 2172 Aristodolion
596 2109 724 2170 vocant.
766 2103 881 2196 recipit
901 2102 1019 2194 pedem
1040 2127 1139 2194 sporr-

36 2243 62 2285 ιε
77 2221 179 2303 dium,
199 2219 350 2300 iambum,
372 2211 599 2310 pyrrhichium,
620 2213 782 2300 chorium,
803 2216 983 2307 dactylum,
1002 2218 1140 2308 brachy-

74 2335 248 2424 syllabum,
270 2342 488 2424 anapaestum.
530 2330 706 2422 Priapeum

186 2447 284 2518 Hunc
303 2446 417 2516 lucum
437 2445 492 2513 tibi
514 2443 628 2514 dedico
652 2415 1023 2540 consessuque'rnape.

75 2712 95 2766 6
115 2725 251 2769 numeros
272 2716 302 2765 et
379 2707 417 2766 14
437 2704 630 2767 Archebolion
708 2709 745 2764 16
763 2705 916 2784 Priapeius

77 2944 122 2999 bis
143 2941 284 3010 metimur,
305 2949 336 2998 ut
355 2940 441 2999 modo
461 2939 570 2998 facturn
590 2948 635 2997 est
654 2941 683 2997 in
703 2939 882 3000 duodenario
902 2941 921 2998 i.
934 2959 962 3000 e.
982 2941 1139 3012 octonario,

77 3020 134 3075 erit
153 3019 319 3090 hexameter
338 3017 522 3075 catalecticus
535 3015 761 3095 Hephaestionis
780 3037 809 3098 p.
822 3020 859 3076 76
881 3018 977 3076 Gaisf.
996 3017 1059 3076 Sed
1075 3037 1139 3076 ver·

77 3113 143 3152 sum
161 3103 268 3172 poetae
292 3111 329 3151 ex
369 3093 430 3151 dire
456 3092 574 3151 difficile
594 3102 647 3151 est.
690 3091 723 3150 In
746 3095 884 3172 proximis
908 3097 1028 3154 mamea
1043 3095 1139 3152 Lach-

77 3190 174 3228 manu.
204 3170 255 3227 Isti
274 3188 312 3248 pe
336 3188 366 3226 cs
386 3169 530 3228 Paeouico
549 3171 646 3227 insunt
665 3171 714 3238 ita,
732 3195 814 3232 πυ
832 3169 836 3246 Ι
853 3196 937 3234 π·
954 3170 959 3246 Ι
977 3196 1037 3219 υ-
1053 3168 1084 3244 Ι.

78 3247 219 3305 1honere
237 3246 273 3304 R.
339 3249 459 3322 strepitu
478 3246 515 3303 D.
575 3244 753 3317 stanuum
772 3246 809 3303 D.
873 3245 1021 3304 4Catull.
1042 3245 1077 3313 ll,
1091 3252 1119 3304 1.

78 3326 95 3379 6
115 3323 262 3398 sepeliens
280 3322 316 3379 R.
412 3330 577 3382 numeratur
595 3323 684 3400 ng,
707 3324 864 3380 numeratio
881 3321 917 3378 R.
945 3340 1017 3380 corr.
1044 3320 1139 3379 Naek.

79 3399 209 3456 Choeril.
253 3403 338 3457 .262.
396 3405 428 3455 ut
448 3419 503 3456 orn.
523 3419 560 3458 m.
619 3398 739 3474 rvirg.
751 3399 823 3456 Aen.
843 3397 891 3468 111,
906 3402 972 3458 319.
1031 3395 1140 3456 mtdro-

80 3418 251 3532 mantell.
330 3473 449 3532 conubia
467 3473 528 3546 fere
547 3475 723 3533 Lachmann.
795 3476 956 3533 9oioinrus
975 3471 1139 3533 delendum.

79 3556 117 3609 10
136 3551 317 3627 pyrrhichios
331 3552 437 3630 potius,
458 3561 488 3609 et
506 3552 573 3609 fort.
594 3551 713 3614 chortes.
737 3549 977 3622 Broehyspllohue
997 3560 1092 3609 autern
1112 3559 1141 3609 et

79 3635 253 3704 anapaestum
273 3627 329 3684 huc
348 3647 406 3684 rrorr
426 3629 580 3706 pertinent,
600 3628 654 3685 sed
674 3627 712 3684 ad
731 3627 956 3704 galliambicum,
977 3629 1056 3706 quod
1077 3647 1141 3686 cum

80 3703 279 3762 Anacreonteo
304 3705 511 3761 coniunxerunt
536 3704 639 3761 Atilius
659 3703 738 3762 Fort.
760 3712 789 3762 et
808 3703 928 3762 Terent.
949 3705 1076 3766 Maurus.

80 3779 118 3838 14
130 3779 317 3838 Archeholion
330 3799 385 3838 em.
401 3780 513 3838 Carrio.
532 3779 731 3862 Archilocheorr
744 3781 810 3840 Nic.
824 3782 946 3840 Loensis
961 3782 1058 3860 epiph.
1068 3779 1139 3848 V‚8.

81 3855 286 3915 Arettomme
308 3857 553 3916 Vinet.·Bcntlei.
575 3858 644 3915 diss.
666 3864 787 3936 cap.11‚
805 3871 873 3938 opp.
892 3880 923 3938 p.
935 3863 1000 3917 273.
1021 3857 1139 3916 Santen.

80 3931 118 3986 ad
130 3931 298 3992 Terentiam.
308 3934 401 3992 Maur.
421 3953 451 4012 p.
462 3933 528 3993 354.
612 3937 648 3994 15
669 3935 743 3992 Mira
762 3935 836 3993 haec
855 3935 892 3992 de
912 3933 1044 4015 pedibus,
1065 3950 1140 4008 quae

81 4007 208 4066 efficiunt
216 4009 380 4067 Saturnium
390 4011 562 4079 huiusmodi,
577 4007 1140 4088 --Ιυ--Ιυυ-υΙ-υνΙυννΙννπ

82 4087 116 4140 16
134 4088 280 4163 priapum
299 4087 354 4162 Rg.
414 4091 452 4146 17
466 4087 582 4146 Catulli.
642 4089 731 4148 locum
742 4087 854 4166 DRgm.

878 4205 898 4267 7
