2896 4896
267 448 302 486 η
643 429 953 512 enopnaonnnn.

327 594 586 694 Verpiiium
623 600 663 668 iu
702 595 729 668 I
764 595 947 669 Aneidos:
983 591 1142 668 Malta
1182 615 1326 688 super

318 720 505 796 Priamo
529 721 1138 820 ropitaus,superIIeetore
1157 722 1325 808 muita:

319 843 570 923 Salustius
601 872 691 922 oero
722 854 762 922 in
802 850 972 923 historiis
1009 848 1228 923 adverbium
1257 846 1327 919 boe

315 978 498 1072 protulit:
536 975 620 1051 Ubi
643 977 789 1050 multa
813 976 1021 1073 nefanda
1047 997 1160 1049 easu
1186 994 1328 1070 super

319 1106 426 1176 ausi
449 1111 587 1202 atque
610 1109 756 1200 passi.
816 1102 888 1175 Sed
920 1103 999 1174 mihi
1031 1102 1168 1176 videtur
1202 1099 1327 1174 Selu-

320 1232 428 1302 stius
455 1252 589 1326 quoque
615 1229 693 1304 loeo
720 1233 984 1327 praepositionis
1011 1227 1078 1302 hoe
1102 1237 1329 1325 praepostere

319 1355 517 1452 protulisse,
545 1357 607 1430 sed
629 1357 850 1450 Vergilius
876 1361 912 1428 in
939 1355 973 1428 II
995 1356 1193 1430 Aeneidos:
1220 1351 1331 1428 Satis

317 1505 397 1557 una
423 1507 616 1584 superque
650 1483 819 1558 Vidimus
845 1483 996 1558 eaeidia
1028 1480 1229 1556 adverbium
1255 1483 1331 1554 sine

322 1609 424 1684 dubio
455 1614 491 1682 in
527 1611 594 1684 hoe
625 1611 703 1684 loco
729 1615 880 1708 eooepit.
932 1611 1028 1683 Idem
1062 1609 1329 1684 Censorinus

318 1735 386 1810 hoo
412 1740 513 1810 etiem
541 1738 730 1832 subiungit:
765 1736 904 1824 Post,
934 1738 1186 1834 praepositio,
1222 1735 1330 1811 Ver-

315 1863 465 1960 piiius
492 1867 532 1937 iu
557 1863 630 1937 III
642 1867 865 1963 peorpieou:
894 1861 1015 1937 Post
1040 1870 1232 1936 montem
1256 1887 1330 1962 op-

278 2019 280 2024 ’
316 1993 534 2087 positum.
559 1992 655 2066 idem
666 1988 745 2064 inl
756 1990 945 2066 Aeneidos
957 1989 1197 2065 adverbium.-
1214 1988 1330 2066 Post

317 2121 423 2191 mibi
447 2143 537 2193 non
563 2119 709 2193 simiii
729 2141 880 2217 poena
905 2120 1148 2192 eommisso
1174 2119 1327 2192 luetis.

317 2245 442 2320 Ante
472 2250 704 2342 praepositio
730 2251 771 2319 iu
796 2243 1064 2344 Ipeorpioon:
1101 2243 1223 2319 Ante
1257 2243 1330 2318 Io-

317 2393 411 2445 vem
436 2374 561 2446 nulii
581 2372 856 2470 subipebant
882 2396 994 2446 araa
1021 2374 1195 2460 eoioni,·
1221 2381 1264 2447 ot
1290 2376 1330 2446 iu

317 2498 392 2571 III
403 2497 592 2592 Aeneidos
613 2498 852 2573 adverbium:
865 2498 989 2572 Ante
1010 2506 1054 2572 et
1073 2492 1329 2573 Trinacria

316 2626 565 2701 tentandus
590 2647 742 2701 remus
768 2629 815 2700 iu
837 2625 970 2700 unda.
1029 2621 1188 2723 Supra
1212 2649 1328 2722 prae·-

315 2757 468 2850 positio,
504 2749 746 2851 Verpibius
772 2758 812 2828 in
833 2751 1088 2827 VAeueidos:
1115 2751 1212 2826 Otii
1232 2778 1331 2829 eae-

317 2885 482 2956 ruieus
507 2905 655 2978 supra
681 2887 824 2978 eaput
849 2880 1045 2954 adstitit
1072 2880 1232 2972 imber,·
1260 2881 1332 2954 od-

319 3009 507 3097 aerbium,
542 3003 794 3081 Salustius
825 3011 866 3080 in
900 3008 1124 3106 Iapurtino:
1161 3006 1330 3082 Pauca

319 3159 466 3233 supra
492 3143 711 3230 repetam.
763 3128 939 3208 Contra
969 3138 1201 3232 praepositio
1227 3135 1334 3232 apud

326 3263 656 3360 Verpiiiumin
690 3257 813 3334 VIII:
861 3258 1036 3336 Contra
1062 3259 1331 3358 Neptunum

319 3399 364 3465 et
395 3387 614 3462 Venerem
640 3397 896 3487 contraque
922 3388 1204 3478 Mineruam,-
1235 3389 1332 3463 idem

321 3517 541 3592 adverbium
555 3520 595 3589 iu
609 3515 659 3588 II
668 3520 890 3616 peorpieon:
920 3511 1097 3590 Contra
1123 3539 1210 3588 non
1236 3519 1334 3591 uita

321 3653 394 3718 est
417 3644 535 3716 oleis
556 3644 763 3716 euitare.
796 3641 945 3740 Prope
965 3619 1332 3740 praepos—augila-

315 3773 467 3870 pilius
494 3775 534 3842 in
569 3767 675 3841 VIII
694 3768 905 3842 Aeneidos:
943 3767 1032 3844 Idst
1064 3773 1229 3868 inpeus
1257 3794 1333 3870 pe-

322 3897 462 3971 bidum
489 3899 622 3970 bueus
646 3918 787 4003 prope
808 3893 1015 3972 Caeritis
1042 3921 1234 3988 omnem:
1262 3898 1333 3972 ad·-

245 4029 249 4034 '
319 4025 501 4112 serbiam,
533 4019 792 4098 Terentius
819 4029 857 4098 iu
876 4025 1048 4099 Andria:
1075 4023 1232 4122 Prope
1258 4024 1332 4098 ad-

321 4161 396 4224 est
422 4177 520 4227 cam
543 4153 694 4226 abieno
711 4175 833 4225 more
856 4152 1097 4228 vivendum
1124 4160 1193 4226 est
1216 4153 1331 4225 mibi.
