2852 4892
297 447 336 506 48
591 435 644 494 DE
663 435 729 492 Dll'l
748 435 895 494 NATALl
915 435 1000 494 CAP.
1014 441 1061 497 17.

299 623 382 671 anno
414 596 691 690 quingentensimo
719 595 1003 665 duodeucmsirno
1030 597 1068 666 Ρ.
1091 595 1241 666 Comelio
1270 595 1361 666 Len-

298 717 366 784 tulo
390 713 428 782 C.
443 711 566 780 Licinio
581 711 671 778 Varo
686 710 777 776 Coss.
822 710 887 778 De'
897 722 1085 804 quartorum
1104 711 1255 781 ludorum
1272 732 1359 782 anno
1373 731 1397 784 11

298 831 416 922 triplex
438 829 545 919 opinio
568 833 625 893 est.
662 827 773 892 Antias
797 827 883 892 enim
905 837 937 894 et
957 827 1061 896 Varro
1086 837 1119 895 et
1138 825 1250 896 Livius
1272 827 1360 896 reln-

299 957 350 1014 tos
369 968 441 1013 esse
456 940 666 1034 prodiderunt
675 939 712 1006 L.
725 940 845 1008 Marcio
858 942 1036 1010 Censorino
1055 943 1107 1010 Μ’.
1121 943 1251 1012 Manilio
1264 944 1359 1014 Coss.

274 1072 375 1152 spost
391 1059 531 1127 Romam
551 1055 714 1123 conditum
736 1079 820 1124 anno
843 1057 948 1127 DCV.
979 1067 1012 1124 at
1032 1058 1109 1125 Piso
1132 1058 1312 1127 Censorius
1329 1068 1361 1126 et

297 1177 359 1245 Gn.
382 1173 515 1253 Gellius,
535 1171 595 1237 sed
615 1179 649 1236 et
669 1169 802 1238 Cassius
820 1170 970 1256 Hemina,
989 1173 1044 1264 qui
1064 1172 1119 1240 illo
1141 1183 1290 1264 tempore
1306 1175 1355 1240 vi·

296 1291 402 1372 vebat,
420 1296 495 1379 post
517 1307 637 1352 annum
657 1286 759 1352 laetos
781 1288 911 1353 tertium
932 1286 1100 1354 adlinnsnt
1121 1287 1184 1356 Gn.
1199 1286 1353 1356 Comelio

295 1403 433 1472 Lentulo
456 1402 494 1470 L.
509 1401 666 1469 Mummio
682 1399 824 1468 Achaico
847 1401 1004 1486 Coss.,·id
1026 1412 1075 1469 est
1095 1425 1180 1470 anno
1201 1402 1265 1470 DC
1273 1403 1354 1472 VIII.

296 1523 329 1588 in
351 1519 418 1588 XV
438 1519 580 1586 virorum
607 1525 715 1582 autem
743 1519 980 1585 commentariis
1006 1527 1160 1585 notantur
1183 1519 1244 1586 sub
1268 1542 1353 1586 anno
1414 1543 1415 1550 ¹

259 1664 288 1702 ιο
299 1629 505 1702 DCXXVIlI
532 1629 585 1698 M.
607 1629 743 1697 Aemilio
766 1629 889 1722 Lepido
911 1631 949 1699 L.
971 1631 1100 1700 Aurelio
1124 1633 1241 1700 Oreste
1264 1634 1358 1701 Coss.
1414 1579 1415 1616 l

300 1750 437 1835 Quintus
470 1744 564 1812 ludos
599 1744 632 1811 G.
660 1745 778 1812 Furnio
813 1747 850 1812 C.
877 1745 966 1814 lunio
1000 1746 1111 1815 Silano
1144 1750 1238 1816 Coss.
1272 1773 1358 1816 anno

297 1857 555 1930 DCCXXXVll
571 1859 694 1927 Caesar
712 1861 876 1949 Augustus
896 1871 928 1928 et
946 1863 1090 1953 Agrippa
1105 1863 1259 1930 fecerunt.
1282 1887 1359 1932 sex·
1414 1829 1415 1858 l

297 1987 349 2044 tos
377 1985 485 2043 nutem
515 1975 592 2042 lecit
619 1973 669 2042 Ti.
693 1972 848 2043 Claudius
876 1974 999 2043 Caesar
1025 2001 1062 2044 se
1084 1977 1167 2044 llll
1189 1988 1221 2044 et
1239 1976 1279 2049 L.
1301 1979 1360 2048 Vi·

298 2091 386 2158 tellio
401 2089 440 2158 lll
457 2091 550 2158 Coss.
569 2113 652 2156 anno
671 2087 804 2172 DCCC,
826 2091 980 2179 septimos
996 2089 1202 2159 Domitianus
1219 2115 1255 2158 se
1272 2092 1360 2161 Xllll

262 2241 287 2280 1⁵
301 2216 334 2273 et
354 2207 394 2271 L.
418 2206 558 2272 Minucio
579 2204 665 2271 Rulo
689 2204 782 2272 Coss.
806 2227 890 2275 anno
912 2203 1201 2291 DCCCXXXXI,
1222 2217 1357 2276 octavos

299 2323 508 2412 imperotores
536 2319 711 2409 Septimius
743 2327 774 2384 et
801 2318 844 2386 Μ.
867 2317 1015 2388 Aurelius
1038 2323 1217 2389 Antoninus
1241 2321 1357 2391 Cilone

297 2485 375 2543 lul.
389 2483 507 2541 Manilio
585 2485 646 2540 6.7
667 2481 720 2540 Cn.
800 2487 836 2540 13
857 2485 895 2543 T.
907 2483 1011 2543 Claud.

299 2637 386 2697 dend.
408 2637 446 2694 ad
466 2637 546 2696 Suet.
573 2635 645 2712 Aug.
666 2639 693 2694 5.
734 2637 804 2694 Post
830 2657 901 2699 coss.
927 2638 1033 2697 excidit
1059 2657 1134 2696 ortuo
1157 2641 1214 2696 DV
1237 2640 1281 2717 (r.
1303 2639 1354 2698 Fi-

298 2715 391 2774 scher.
411 2715 496 2772 Rom.
517 2714 602 2772 zeitt.
622 2715 699 2792 p.75
712 2709 770 2789 sq.)
792 2723 821 2772 et
840 2715 896 2772 XV
914 2717 1037 2774 virorum
1057 2717 1172 2773 mentio.
1199 2715 1246 2774 Cf.
1259 2725 1357 2774 autern

255 2839 260 2848 .
297 2794 360 2850 Liv.
382 2791 451 2870 epit.
471 2791 578 2848 XLIX:
605 2791 752 2858 „Altero
778 2801 812 2848 et
837 2793 1104 2850 sexcentesimo
1132 2810 1206 2847 anno
1226 2793 1262 2848 ab
1284 2795 1357 2850 urbe

299 2868 416 2925 condito
435 2899 473 2908 -
497 2867 557 2925 Diti
575 2871 651 2944 patri
669 2865 731 2924 ludi
751 2867 790 2926 ad
810 2869 966 2926 'Parentum
986 2887 1021 2925 er
1040 2876 1196 2944 praecepto
1216 2867 1358 2926 libroruin

299 2943 503 3019 Sibyllinorum
522 2945 600 3012 sacti,
622 2947 670 3020 qui
686 2953 752 3002 ante
764 2963 868 3001 annum
889 2945 1120 3000 centesimum
1131 2943 1356 3018 -quingen-

299 3022 427 3078 tesimo
447 3031 482 3078 et
500 3022 618 3080 altero
645 3041 720 3080 anno
746 3023 781 3076 ab
802 3023 871 3078 urbe
892 3018 1007 3075 condita
1026 3018 1095 3074 sacti
1116 3017 1225 3074 erant.”
1265 3021 1356 3098 Appii

301 3097 417 3155 Claudii
435 3097 551 3154 Pulchri
572 3099 749 3156 consulatum
769 3103 898 3162 testatur,
919 3094 1021 3151 Verrio
1041 3093 1148 3150 Flacco
1169 3103 1286 3172 auctore
1298 3099 1353 3153 ad-

297 3175 396 3242 hibito,
417 3173 507 3232 schol.
529 3175 617 3250 Cruq.
639 3175 708 3231 lior.
730 3191 754 3228 c.
775 3190 851 3228 saec.
872 3172 910 3228 iu.
978 3173 1104 3230 2Linto
1123 3169 1186 3240 DR,
1206 3175 1293 3230 LioIo
1334 3175 1353 3230 l.

300 3255 394 3310 Varro
414 3251 480 3328 Dgl.
552 3253 658 3310 suto.
678 3248 737 3305 nl.
757 3247 843 3304 modo
862 3247 881 3305 l.
957 3249 1031 3306 41..
1054 3251 1166 3307 Martio
1189 3249 1354 3317 Cons.D,

298 3331 335 3386 1..
359 3327 473 3388 Valerio
497 3329 576 3388 Ceos.
617 3327 635 3383 l.
718 3327 763 3382 M.
784 3325 903 3382 Manlio
923 3325 979 3402 Dg.
1000 3325 1106 3384 Zosim.
1126 3325 1160 3392 fl,
1174 3326 1206 3383 4:
1227 3316 1354 3382 ducitur

297 3397 394 3462 ὄντων
414 3401 557 3464 Λουκίου
576 3344 775 3478 Ιέηιισωρίνου
796 3398 846 3458 καὶ
868 3397 1006 3475 Μάρκου
1027 3399 1177 3458 Μαλλίου
1192 3397 1355 3475 Πουηλίου

298 3482 398 3614 Squod
418 3501 453 3540 ex
472 3477 645 3555 Ποιτηλιόυ
666 3489 829 3558 corruptum
850 3488 878 3536 et
897 3479 972 3537 salso
992 3479 1056 3536 loco
1077 3477 1205 3536 additum
1226 3497 1289 3536 esse
1309 3482 1355 3536 ri·

320 3567 395 3616 etur:
416 3578 481 3618 nam
502 3559 610 3616 Zosimi
636 3557 721 3616 codd.
747 3559 800 3614 hos
824 3556 957 3614 consules
981 3557 1133 3631 Augusteis
1159 3556 1355 3612 saecularibus

298 3632 487 3708 adscribunt).
526 3636 564 3692 At
588 3636 719 3714 plerique
745 3642 832 3690 testes
858 3637 906 3690 Μ’
924 3633 1052 3690 Manilio
1079 3638 1092 3705 (
1097 3651 1123 3688 v.
1143 3631 1271 3688 Fischer.
1291 3633 1310 3688 l.
1334 3633 1353 3690 l.

297 3732 327 3788 p.
339 3707 419 3784 125),
441 3712 519 3788 quod
539 3713 641 3790 reponi
660 3712 743 3767 iussit
762 3707 907 3766 Drakenb.
929 3710 968 3766 acl
987 3709 1048 3766 Lir.
1070 3727 1085 3765 e
1109 3710 1139 3764 it.
1159 3708 1262 3766 XLIX.

297 3793 315 3846 5
336 3791 405 3846 Piso
426 3791 570 3846 censorius
587 3786 726 3842 Merkelio
747 3782 786 3840 ad
806 3783 890 3840 Ovid.
911 3784 978 3841 inst.
999 3804 1029 3861 p.
1041 3785 1094 3841 LX
1160 3783 1288 3841 diversus
1310 3787 1352 3842 ri-

298 3865 382 3924 detur
401 3868 437 3922 ab
458 3864 603 3920 annalium
623 3861 776 3936 scriptore,
795 3857 832 3914 de
854 3877 910 3934 qua
929 3879 960 3917 re
981 3859 1088 3917 dubito.
1187 3865 1204 3917 6
1224 3859 1354 3934 eluebant

298 3945 372 4000 coni.
393 3941 492 4016 Sigon.
513 3937 626 3995 emend.
646 3936 667 4003 Ι,
681 3943 708 3994 6.
729 3935 835 3991 Kraus.
855 3935 905 3991 l'rr.
926 3935 1003 3993 histt.
1024 3945 1090 3994 vett.
1111 3938 1193 3996 Rom.
1215 3958 1244 4016 p.
1259 3941 1325 3996 152.

297 4025 467 4078 SMummo
487 4014 550 4071 DR.
619 4015 725 4072 Dum
743 4008 836 4085 DRgl.
906 4017 923 4070 o
944 4013 1028 4069 annis
1050 4015 1256 4074 ocxxvrm
1274 4035 1302 4091 g.

297 4102 335 4154 10
354 4100 400 4154 M.
422 4113 476 4150 om.
497 4089 589 4166 DRgl.
655 4093 688 4148 11
715 4089 745 4148 C.
767 4107 821 4144 orn.
841 4089 934 4166 DRgl.
999 4093 1035 4148 12
1058 4091 1268 4150 DCGXXXVI
1285 4111 1311 4169 g.

297 4177 334 4230 13
358 4175 391 4228 Τ.
416 4168 556 4229 Claudius
574 4165 637 4224 DR.
720 4184 770 4224 suo
788 4168 905 4224 ult-111
923 4173 948 4225 et
967 4165 1008 4235 D,
1033 4186 1063 4225 so
1082 4169 1198 4228 rum
1216 4176 1243 4226 et
1261 4171 1301 4238 R,
1322 4189 1352 4228 sc

297 4251 348 4306 111
364 4255 389 4304 et
413 4246 450 4321 gl.
530 4249 565 4302 16
587 4246 664 4321 Sept.
684 4244 785 4301 ceteris
805 4243 907 4300 litteris
927 4244 1038 4302 omissis
1059 4245 1094 4304 D.
1182 4245 1254 4304 Arir.
1275 4245 1310 4306 D.
