2852 4892
369 420 422 486 DE
441 421 506 484 mu
526 422 674 484 NATALI
695 423 778 488 CAP.
793 424 841 487 31.
1092 433 1128 486 71

68 579 311 662 diluculum,
327 600 408 652 ,eum
424 580 499 654 *cole
520 583 665 656 nundum
687 591 758 652 one
779 583 846 652 iam
864 581 960 662 lucu·
1002 587 1162 662 &eun-3

67 696 144 762 dum
176 692 354 766 diluculum
379 705 516 770 vocetur
542 719 674 776 mane,
701 719 777 769 cum
804 696 862 767 lux
888 695 1016 778 videtur
1036 702 1133 786 eelim

66 809 229 899 posthoc
249 809 297 880 ed
314 810 543 892 meridiem
565 821 643 883 dunc
664 811 870 891 meudies,
891 811 979 903 quud
996 825 1134 896 estnec-2

65 923 187 994 diidiei
202 947 337 1008 numum
350 924 424 994 inde
439 925 485 992 de
506 925 688 1008 meridie;
702 924 778 997 lunc
797 942 991 1017 euprerua.
1018 953 1132 1021 quam„

41 1039 112 1106 ivis
140 1038 273 1130 plurimi
300 1055 486 1130 supremum
512 1050 586 1130 poet
616 1061 770 1115 cumeum
797 1039 877 1110 solis
912 1064 986 1113 eree
1019 1045 1130 1124 existi-

65 1163 166 1236 mant.
190 1155 265 1245 quie
286 1164 337 1224 eei
356 1156 389 1224 in
410 1153 609 1225 xdubulis
628 1156 784 1246 scripum
805 1155 868 1236 sic,
889 1155 1130 1236 solie-occa.

65 1293 130 1336 sur
154 1291 345 1360 suprema
369 1279 593 1360 tempestas
616 1278 719 1336 estc:
749 1268 808 1360 eed
838 1277 953 1360 postea
973 1271 1016 1344 Μ.
1033 1272 1131 1342 Plue-

63 1385 166 1452 terius
189 1384 336 1454 rnhunur
356 1383 460 1476 plebis
480 1384 598 1452 scitum
626 1382 715 1466 tuln,
743 1384 779 1450 in
806 1405 869 1474 quo
896 1387 1129 1478 scriptumest

62 1497 239 1566 Praetor
265 1498 439 1566 urbanus
470 1497 537 1587 qui
561 1519 665 1564 nunc
693 1505 754 1563 est
784 1498 929 1588 quique
949 1501 1128 1590 ¹posthac

30 1613 150 1680 sumat
174 1613 250 1682 duu
273 1612 442 1680 lictores
466 1609 572 1700 apud
594 1634 634 1678 se
654 1609 800 1679 habeto
830 1637 964 1704 usque
990 1637 1129 1711 rupre-

62 1751 162 1794 mam
191 1728 237 1795 ed
266 1725 395 1794 solem
423 1748 612 1793 occasum
633 1725 775 1817 iusque
802 1726 910 1793 inter
938 1729 1049 1796 cives
1072 1730 1125 1798 di-

62 1843 154 1910 citu.
205 1843 287 1910 Post
308 1863 495 1933 supremum
521 1842 666 1932 sequitur
692 1863 879 1933 vespera,
914 1851 989 1910 unte
1013 1853 1156 1917 urtumd

60 1957 187 2026 scilicet
208 1958 276 2025 eius
299 1955 411 2024 stellae
435 1979 530 2050 quam
550 1954 687 2023 Plautus
709 1956 973 2046 vesperuginem,
999 1955 1122 2024 Ennius

60 2167 77 2218 6
98 2165 146 2222 sul
167 2181 288 2223 occasus
385 2167 423 2220 10
443 2161 516 2220 duur
610 2159 715 2216 hebeto
740 2159 824 2234 isque
851 2177 942 2236 usque
961 2161 1001 2219 ed
1020 2181 1123 2242 supre-

59 2258 138 2298 mam
158 2243 203 2298 ius
223 2238 386 2296 internicie
407 2237 503 2293 dicitu·

57 2439 71 2491 1
97 2432 189 2492 delur.
208 2433 246 2490 D.
316 2432 415 2491 2eule
433 2430 489 2508 Dg.
515 2431 587 2488 relic
607 2450 663 2488 om.
683 2431 719 2488 R.
796 2429 906 2490 suendi
926 2432 963 2494 Ι).
1031 2434 1120 2492 deu-

57 2528 160 2584 premu
186 2511 223 2568 cf.
246 2511 336 2567 Gron.
357 2509 396 2566 ad
421 2508 516 2567 Plaut.
536 2509 616 2565 Asin.
636 2507 684 2579 ΙΙΙ,
698 2512 725 2575 3,
738 2509 766 2565 4.
861 2514 882 2566 fi
908 2509 980 2567 eolis
1000 2529 1120 2568 occurre

57 2585 146 2661 DRg.
165 2595 195 2643 et
214 2588 254 2644 ita
273 2585 359 2643 codd.
379 2585 459 2664 apud
477 2585 561 2641 Varr.
575 2585 609 2642 L.
623 2584 658 2640 L.
677 2584 718 2640 Vl
737 2603 765 2661 p.
778 2588 844 2643 187.
865 2585 919 2640 vll
938 2605 968 2661 p.
979 2589 1046 2644 337.
1072 2590 1120 2644 ubi

58 2679 84 2718 r.
106 2663 224 2720 Miiller.
244 2661 331 2739 Apud
349 2661 428 2720 Feet.
450 2680 473 2717 s.
491 2679 517 2716 v.
538 2678 572 2716 eu
628 2676 719 2717 cneum
737 2679 767 2736 p.
777 2663 833 2718 305
854 2661 922 2718 item
942 2667 1022 2717 extat
1040 2663 1120 2730 redu,

59 2757 116 2794 uec
143 2737 228 2794 aliter
251 2737 355 2812 legitur
380 2737 459 2814 apud
481 2737 573 2792 Macr.
616 2744 654 2792 at.
674 2735 695 2803 1,
709 2738 736 2790 3.
764 2735 876 2792 Gellius
897 2735 1007 2810 (XVII,
1027 2735 1117 2807 2,1o)

60 2821 160 2871 tamen
179 2818 300 2872 testatur
319 2813 455 2890 scriptum
474 2811 565 2868 fuisse
584 2809 627 2867 eud
647 2827 778 2868 occurres.
798 2811 835 2868 V.
855 2811 988 2870 Dirksen.
1010 2810 1047 2870 de
1067 2814 1120 2872 Xll

61 2893 140 2947 tubb.
161 2909 192 2968 p.
205 2894 316 2965 rsosq.
338 2888 373 2945 cl.
395 2887 524 2944 Huschk.
546 2886 632 2944 anull.
653 2886 707 2943 litt.
727 2906 757 2963 p.
769 2891 825 2946 106
836 2906 880 2964 eq.
972 2890 1118 2952 7P1eu-

60 2968 123 3024 rius
137 2985 165 3042 g.
187 2966 224 3023 cf.
236 2966 329 3022 Varro
340 2966 375 3022 L.
387 2965 422 3021 L.
435 2964 476 3020 vl
486 2984 516 3042 p.
525 2967 590 3022 187.
611 2962 751 3021 Niebuhr.
762 2964 846 3022 Rem.
861 2966 1056 3047 Gesch.111p.
1068 2973 1116 3029 38.

62 3045 98 3099 10
117 3040 172 3116 {iud
189 3042 253 3110 DR,
273 3040 319 3114 piet
337 3041 405 3117 ghn.
423 3038 491 3112 fuat
509 3039 624 3097 Medius
644 3040 721 3096 lectt.
740 3050 855 3100 novant.
875 3044 980 3122 ep.14.
1047 3045 1118 3104 duur

63 3117 106 3191 gl,
132 3119 190 3176 duo
216 3119 271 3176 DR
294 3119 377 3194 prob.
403 3116 544 3175 Stewech.
571 3115 609 3172 ad
633 3116 717 3194 Apul.
743 3137 773 3197 p.
789 3121 836 3176 61.
862 3120 1053 3198 Oudendorp.
1079 3122 1118 3178 ed

64 3193 149 3253 Caee.
163 3195 199 3252 B.
215 3196 252 3252 G.
272 3194 336 3262 Vll,
345 3198 392 3252 33.
462 3196 543 3269 deque
560 3210 719 3269 ruprmnam
739 3193 777 3251 ud
794 3196 884 3252 colem
903 3214 1035 3253 cecanum
1053 3199 1118 3252 iur-

63 3275 204 3343 quainter
223 3275 298 3330 ciues
316 3269 377 3347 ug,
403 3272 491 3348 iisque
508 3288 542 3327 eu
580 3269 648 3327 .ud
670 3269 759 3328 aulem
784 3289 918 3328 cerneum
942 3274 1043 3344 iusque
1062 3272 1116 3326 int.

64 3347 116 3403 uu.
135 3349 206 3416 Bm,
230 3350 321 3424 iisque
344 3364 422 3424 supr.
443 3346 481 3406 ud
505 3365 538 3404 eu
567 3363 594 3402 m
619 3362 751 3402 occucum
768 3345 818 3400 nu
836 3347 891 3400 dut.
912 3346 967 3401 cic.
987 3345 1013 3410 Ι,
1039 3344 1116 3401 uude

63 3419 178 3482 Medius
197 3425 216 3481 Ι.
236 3424 257 3481 Ι.
278 3423 388 3482 effecit:
417 3426 494 3498 ioque
518 3437 678 3496 supremum
702 3419 741 3476 ud
758 3418 898 3493 noluntque
921 3421 1117 3477 oecumenius

64 3497 114 3558 int.
136 3503 190 3558 rie.
212 3501 328 3558 Carrio:
348 3502 428 3574 isque
440 3495 929 3572 uepreausupremamememmu.
950 3513 1005 3572 ego
1018 3495 1115 3554 Lach-

64 3591 167 3634 manno
191 3586 307 3636 auctore
332 3571 368 3634 en
393 3572 479 3630 codd.
505 3571 647 3648 scriptura
670 3569 741 3625 nihil
765 3572 871 3628 mutavi
894 3572 949 3629 nisi
973 3575 1052 3650 deque
1071 3573 1116 3634 vel

64 3651 152 3728 iieqrre
175 3655 205 3710 in
228 3671 327 3729 usquc.
366 3651 443 3708 Nam
465 3649 531 3724 lege
554 3646 700 3706 Plaetoria
722 3645 835 3704 ridetur
859 3658 972 3707 cautum
996 3670 1061 3710 esse
1086 3660 1118 3708 ut

85 3739 179 3788 raetor
199 3749 291 3806 usque
310 3731 354 3786 ius
375 3727 485 3784 diceret
502 3741 557 3803 per
575 3741 738 3800 supremam
758 3722 905 3804 adipsum
920 3746 1054 3786 occasum
1066 3747 1115 3784 so-

77 3805 107 3873 '‚
127 3807 183 3864 etsi
200 3825 307 3884 praeco
327 3825 360 3863 su
383 3821 490 3861 remam
509 3801 598 3881 paulo
618 3808 683 3859 ante
703 3818 837 3860 occasum
850 3804 1115 3883 solispronuntiae-

67 3889 108 3938 eet
127 3891 157 3939 et
175 3883 285 3940 iudices
306 3881 469 3940 dirmsieset.
489 3897 526 3938 ex
546 3897 603 3955 quo
615 3877 708 3935 Varro
728 3886 758 3936 et
777 3878 953 3940 Censorinus
974 3897 1116 3958 apparere

67 3957 162 4015 dicunt
181 3977 345 4038 supremam
364 3977 422 4016 non
440 3965 508 4036 post
527 3973 661 4014 occasum
681 3954 749 4012 selis
770 3955 884 4014 demum
902 3957 1045 4034 incipere,
1065 3953 1118 4010 sed

68 4051 102 4088 ex
121 4053 179 4110 quo
199 4053 335 4114 suprema
354 4033 431 4091 dicta
450 4035 495 4091 sit.
575 4036 609 4090 11
631 4029 718 4086 dicio
738 4031 833 4088 Dras.
912 4036 949 4090 12
967 4039 1140 4106 uesperuu-'

68 4113 175 4168 terrum
184 4112 222 4182 D,
241 4116 496 4188 emperanteturmu
505 4111 542 4166 R.
619 4108 657 4163 13
677 4103 815 4165 Plautus
823 4109 859 4166 D.
874 4107 1008 4184 Amph.l,
1019 4111 1118 4175 1,119.

71 4184 115 4244 Cf.
135 4188 220 4247 Varr.
234 4190 268 4246 L.
283 4189 317 4246 L.
331 4186 372 4245 vl
383 4190 484 4263 pise.
494 4185 548 4242 vll
560 4203 590 4261 p.
600 4183 666 4242 335.
681 4181 885 4260 apudAugust.
900 4183 935 4240 C.
949 4182 987 4240 D.
1004 4183 1080 4255 XXI,
1091 4191 1119 4246 8.
