2852 4892
280 407 319 466 dt)
568 405 620 464 Dll
639 403 705 462 Dlll
725 391 873 462 Naum
894 403 977 462 Cdl’.
991 405 1039 464 15.

281 575 443 636 senectus.
486 567 594 652 Quem
616 567 702 632 enim
722 575 879 658 veterum,
901 585 1046 652 quorum
1061 565 1251 632 memoriam
1265 587 1344 632 sus-

282 681 434 774 picimus,
460 680 630 770 prudentia
650 679 704 747 vel
733 680 946 770 temperantia
967 676 1021 745 vel
1049 678 1169 745 iustitia
1195 677 1250 745 vel
1277 679 1348 746 lor-

284 796 417 864 titudine
439 795 495 862 tibi
522 793 673 862 antistare
701 793 873 862 ‹licenrus‘i
905 794 975 885 quis
998 815 1127 875 comm,
1152 794 1182 860 si
1203 793 1347 875 adesset,
1414 777 1415 836 l

284 933 351 978 non
378 913 411 978 in
439 920 472 978 te
500 912 643 976 omnium
677 911 831 976 virtutum
859 894 1132 1000 praedicatonem
1160 907 1346 976 conferret?

191 1044 196 1054 ’
260 1027 358 1118 aquis
381 1028 443 1094 tuis
464 1024 612 1095 laudibus
633 1047 670 1092 se
691 1026 843 1116 postponi
864 1021 1090 1092 erubesceret?
1132 1021 1214 1090 lllud
1247 1033 1348 1106 certe,

286 1151 324 1208 ut
334 1141 479 1222 arbitror,
490 1139 622 1230 dignum
640 1149 691 1206 eat
705 1137 954 1230 praedieatione,
965 1135 1062 1228 quod,
1075 1159 1151 1204 cum
1165 1136 1227 1204 illis
1243 1138 1348 1204 ferme

288 1254 435 1322 omnibus
463 1256 609 1346 parneis
636 1253 891 1345 prudentissimis
926 1262 960 1318 et
992 1250 1107 1342 procul
1135 1251 1348 1344 erepublica

288 1369 422 1438 remon
442 1391 508 1436 non
531 1370 700 1460 contigerit
720 1371 790 1437 sine
812 1368 988 1436 offensione
1009 1365 1136 1434 etalio
1157 1367 1349 1458 plerumque

290 1483 419 1576 capitali
440 1486 547 1552 vitam·
560 1485 689 1576 degere,
701 1495 736 1552 tu
750 1493 858 1552 tamen
870 1481 981 1551 officiis
998 1480 1244 1571 municipalibus
1257 1483 1350 1548 ituro·

251 1621 280 1662 aa
293 1608 359 1682 tus,
380 1598 503 1667 bonore
525 1600 697 1668 sacerdotii
720 1601 754 1666 in
780 1596 977 1689 principibus
998 1603 1074 1664 tuae
1094 1596 1231 1662 civitatis
1254 1619 1350 1664 eons-

291 1717 420 1805 pieuus,
447 1715 568 1782 ordiaris
589 1716 686 1783 etiam
708 1713 865 1805 equestris
883 1711 1040 1800 dignitate
1061 1712 1197 1802 gadum
1219 1713 1351 1801 provin·
1416 1719 1417 1802 p

292 1827 421 1896 cialium
448 1851 693 1920 supergressus,
721 1850 786 1895 non
815 1826 912 1894 modo
939 1827 1010 1892 sine
1042 1825 1294 1918 reprehensione
1323 1835 1353 1892 et

292 1942 411 2010 invidia
432 1965 563 2034 semper
583 1945 680 2025 fuisti,
701 1963 816 2010 verum
837 1941 934 2007 etiam
951 1941 1094 2008 omnium
1111 1943 1242 2008 omnino
1262 1965 1353 2010 amo·

274 2079 363 2125 ·rem
386 2081 461 2126 curn
483 2060 624 2124 maxima
644 2058 746 2149 gloria
768 2065 960 2124 consecutus
982 2079 1028 2123 es.
1074 2053 1155 2142 Quis
1177 2079 1198 2122 a
1213 2065 1246 2124 te
1260 2059 1380 2125 noscis

254 2197 281 2236 aa
295 2181 351 2238 aut
365 2195 409 2239 cx
431 2173 626 2262 amplissimo
649 2182 780 2240 senatus
803 2169 913 2238 ordine
929 2193 996 2236 non
1013 2172 1147 2262 expetiit
1162 2171 1218 2237 au't
1234 2193 1277 2238 ex
1291 2169 1353 2238 hu·
1417 2211 1418 2262 3

294 2285 419 2352 miliare
440 2285 541 2376 plebis
560 2307 627 2352 non
649 2288 794 2378 optavit?
838 2285 919 2373 Quis
941 2284 1124 2352 mortalium
1145 2286 1199 2352 vel
1221 2295 1254 2354 te
1273 2287 1355 2354 vidit
1417 2333 1418 2344 ,

294 2402 348 2470 vel
372 2399 412 2469 de
434 2410 490 2469 tuo
512 2403 642 2479 nomine
664 2403 803 2492 accepit,
831 2402 907 2492 quin
929 2409 962 2468 et
981 2399 1054 2468 loco
1076 2403 1180 2468 fratris
1207 2401 1355 2490 germani

297 2516 407 2606 diligat
428 2524 461 2582 et
482 2515 555 2582 vice
576 2516 717 2605 parentis
733 2509 941 2583 ‘veneretur‘i
985 2516 1065 2601 Quis
1092 2517 1217 2607 ignorat
1243 2516 1358 2605 probi-

296 2640 397 2700 tatem
419 2632 565 2723 primam,
587 2629 682 2698 fidem
694 2654 864 2710 summam,
883 2630 1112 2722 benignitatem
1127 2629 1358 2714 incredibilem,

259 2747 491 2818 aomodestiam
513 2746 804 2842 verecundiamque
827 2745 1023 2837 singularem
1050 2751 1220 2838 ceteraque
1241 2745 1357 2812 hnma-

300 2954 315 3007 1
338 2956 466 3006 veterum
485 2968 560 3004 nuno
579 2951 717 3006 memoria
737 2951 918 3029 suspicimus,
939 2923 1024 3025 quern
1043 2948 1128 3028 prud.
1194 2949 1319 3007 Stantis

300 3027 337 3084 15
358 3025 494 3103 expetivit
570 3029 607 3083 17
627 3027 773 3104 acceperit

302 3221 538 3276 1ucterumnanc
557 3218 694 3276 maneria
719 3219 897 3294 suspicimus
921 3217 1005 3295 prud.
1025 3219 1080 3278 DR
1094 3221 1136 3296 (in
1156 3238 1213 3295 quo
1231 3221 1363 3296 suscepi·

300 3292 377 3367 roua)
392 3312 411 3371 g
430 3290 643 3372 (suscepimus).
663 3301 730 3362 oct„
750 3313 822 3371 quoa
840 3313 916 3354 nunc
934 3313 1049 3356 manoe.
1069 3299 1255 3372 suscepimus,
1273 3295 1364 3372 praed.

301 3370 457 3430 Manutius.
477 3377 548 3440 eat„
566 3389 637 3447 quoa
651 3389 726 3428 auno
738 3373 874 3430 marraccio
885 3375 1054 3447 ascematus,
1071 3372 1116 3432 uel
1126 3391 1170 3452 pr.
1192 3374 1264 3429 coni.
1279 3371 1364 3429 Cau-

302 3445 394 3505 chius.
414 3455 468 3506 uct.
480 3466 553 3506 nunc
564 3466 644 3506 arna.
657 3466 755 3525 susp,
776 3466 857 3525 quem
871 3446 955 3525 prud.
978 3449 1088 3507 Carrio.
1119 3452 1269 3507 meaaorioc
1280 3466 1365 3526 serap.

303 3523 378 3581 coni.
397 3523 520 3582 Falster.
539 3543 623 3582 mem.
637 3527 715 3582 obse.
745 3529 843 3586 ..13a
863 3525 973 3602 Recepi
987 3525 1164 3584 Laclunaoni
1183 3523 1366 3584 emendatio-

303 3617 379 3658 nem.
404 3617 483 3677 susp.
505 3601 543 3658 ef.
564 3544 755 3662 Hildebrandi
775 3601 814 3658 ad
832 3602 939 3660 Arnob.
950 3602 973 3671 1,
982 3606 1030 3662 25.
1097 3607 1116 3662 3
1136 3601 1255 3661 annam
1267 3601 1366 3679 DRgl.

304 3722 431 3782 duamur
449 3724 604 3814 Maputius.
674 3685 876 3787 suetiam
893 3729 930 3786 D.
989 3731 1114 3788 Satoris
1133 3728 1226 3804 Dltgl.
1246 3733 1369 3788 renaotta

305 3819 378 3858 corr.
401 3800 556 3868 Cauchius,
575 3811 605 3858 et
624 3801 710 3860 facile
730 3806 887 3882 potuitRE
899 3805 1053 3882 postREP
1073 3805 1173 3863 omitti.
1200 3809 1286 3864 motta
1306 3807 1368 3864 del.

304 3878 419 3936 Medius
440 3879 518 3936 lectt.
539 3886 652 3934 novant.
667 3898 714 3960 ep.
729 3885 776 3940 82.
795 3881 898 3940 multis
916 3883 990 3940 coni.
1010 3881 1185 3940 Lachmann.
1264 3887 1283 3942 9
1304 3887 1369 3942 utto

304 3957 387 4034 DRg.
447 3959 485 4014 10
503 3953 691 4026 scardona,
711 3957 867 4016 scandatis
880 3975 908 4035 g.
968 3964 1001 4017 11
1024 3965 1141 4034 aqrreatr.
1155 3977 1180 4016 v.
1193 3960 1370 4036 Marquardt

305 4032 371 4092 hist.
391 4051 458 4111 eqq.
478 4033 562 4090 Rom.
583 4035 662 4112 p.87
672 4053 735 4111 sqq.
795 4037 831 4094 15
851 4038 957 4112 capeat
970 4035 1007 4104 D,
1026 4037 1160 4112 repetiuit
1173 4055 1201 4114 g.
1280 4041 1321 4097 18
1342 4042 1369 4094 et

306 4111 536 4186 atae-ipuorot
556 4127 611 4167 orn.
627 4128 655 4186 g.
734 4115 770 4170 19
790 4113 913 4190 priorum
932 4112 1052 4171 Conieci
1070 4116 1213 4194 mudena,
1235 4113 1288 4174 sed
1310 4131 1370 4172 nou

307 4204 389 4264 opus,
409 4206 435 4246 v.
454 4186 529 4246 Plio.
550 4187 585 4257 X,
599 4187 699 4258 abac:
717 4187 854 4266 pudicitia
872 4187 934 4247 attis
952 4192 1055 4266 priano.
