2852 4892
424 422 659 507 panormum
679 449 762 509 car.
778 455 824 510 rs.
1088 539 1090 542 Ι
1118 459 1155 518 so

97 605 253 695 syllabam
275 627 393 690 unam,
417 618 571 698 quaeest
592 619 666 678 ante
690 621 878 694 extremam,
902 637 944 681 ex
966 613 1062 706 longa
1078 637 1155 684 con-

98 716 198 801 traho,
222 729 257 786 ut
1081 725 1085 732 ’

285 833 383 942 {lives
396 833 543 906 ¹Romani
564 849 642 907 tuno
663 841 740 910 laeti
758 851 835 909 sunt
853 843 959 934 Apuli,

97 959 129 1015 et
150 971 223 1015 esse
246 950 353 1038 coepit
374 951 544 1018 trimetros.
568 958 582 988 *
605 952 820 1044 *elegiacum
843 958 997 1042 transibit,

69 1093 83 1130 s
453 1063 545 1132 Bella
565 1089 625 1157 per
643 1065 819 1136 Emathios.

92 1178 219 1245 Rursus
242 1201 264 1244 a
285 1185 486 1267 pentametro
512 1189 548 1247 nt
576 1204 758 1272 conponam
779 1183 942 1266 heroicos,
965 1207 1058 1252 sumo
1080 1208 1154 1275 par-

92 1302 159 1360 leur
181 1292 403 1383 posteriorem,

263 1404 353 1473 Dum
374 1428 466 1474 meus
491 1406 623 1474 adsiduo
645 1407 752 1475 luceat
772 1410 848 1499 igne
870 1413 971 1494 locus,
1068 1491 1071 1496 ἣ

92 1531 124 1588 et
145 1541 307 1610 conpono,
954 1517 956 1520 ’

52 1661 81 1699 ιο
192 1633 317 1703 Luceat
335 1635 411 1724 igne
432 1633 524 1702 locus
547 1636 666 1704 Troiae
689 1639 742 1729 qui
762 1639 884 1728 primus
909 1639 949 1708 ab
973 1643 1044 1708 oris.

90 1746 299 1817 Phalaecium
320 1771 501 1836 numerum,
525 1753 579 1844 qui
601 1759 650 1818 est

211 1921 213 1926 .
309 1863 390 1932 Altis
411 1861 549 1950 flamina
569 1863 704 1932 vallibus
727 1863 921 1948 tumescunt,
1006 1863 1017 1881 ““

89 1978 215 2045 insertis
238 1978 345 2045 verbis
366 1980 448 2045 facio
472 1978 647 2060 heroicum,
678 1983 682 1987 “

189 2090 270 2158 Altis
292 2088 429 2178 {lumina
450 2093 577 2184 prodita
599 2090 734 2160 vallibus
755 2091 831 2160 inde
853 2102 1044 2163 tumescunt.

50 2236 78 2278 rs
91 2205 218 2274 lonicus
242 2215 291 2272 est

294 2319 465 2388 Metuentis
486 2329 620 2412 patruae
642 2318 777 2387 verbera
797 2319 943 2412 linguae:

88 2435 226 2502 adiciam
245 2435 333 2502 trinis
354 2434 460 2503 verbis
483 2435 625 2526 singulas
647 2434 797 2524 syllabas,

130 2547 227 2618 Nune
247 2549 419 2616 metuentis
439 2525 527 2617 iuna
547 2559 682 2639 patruae
702 2571 789 2618 nunc
810 2551 945 2618 verbera
966 2549 1104 2640 linguae.

47 2671 175 2801 eorem
260 2745 382 2814 ltaliam
402 2749 467 2816 fato
489 2749 644 2841 profugus
665 2746 865 2838 Laviniaque
887 2750 984 2830 venit,
1038 2769 1042 2777 ·

87 2864 139 2932 cui
164 2871 214 2930 est
234 2861 336 2930 simile

235 2977 377 3044 Patriam
399 2987 467 3044 tum
488 2978 643 3068 profugus
663 2974 862 3067 Laviniaque
885 2980 1000 3070 eoepit.

85 3183 105 3236 3
124 3178 233 3257 Appuli
311 3178 331 3236 4
348 3180 503 3238 trimetron.
522 3181 690 3256 Elegiaeum
765 3182 783 3235 6
805 3179 844 3236 ad
862 3187 1056 3257 pentametros

84 3259 123 3314 17
143 3257 231 3312 trinas
244 3255 338 3312 verbis
353 3256 470 3331 singulis
524 3262 560 3316 tu
580 3265 660 3312 verto
712 3259 750 3312 20
770 3256 936 3331 Larinaque
1002 3256 1038 3313 21
1061 3263 1087 3312 et
1106 3260 1144 3313 22

85 3349 141 3389 otu.

83 3524 105 3581 4
123 3525 271 3580 trimetron
283 3521 366 3598 DRg.
388 3523 464 3579 Tum
475 3523 618 3599 quaedam
632 3519 775 3579 excidisse
789 3481 919 3673 apparet.
941 3521 970 3576 iu
983 3517 1051 3577 add.
1060 3520 1143 3578 Nun-

85 3618 150 3656 nes.
234 3598 353 3656 SBello
371 3617 422 3675 per
440 3599 590 3658 Emathios
610 3599 736 3675 (Lucan.
749 3598 801 3666 l,1
850 3598 893 3654 bis
914 3597 1050 3674 ponenda
1069 3618 1144 3664 esse,

86 3685 119 3731 ut
137 3695 174 3732 ex
192 3675 309 3733 heroico
328 3684 508 3753 pentameter
527 3676 672 3751 elegiaeus
685 3672 743 3741 fiat,
757 3674 866 3730 monuit
880 3674 1009 3731 Nunnes.
1069 3677 1087 3729 o
1107 3673 1145 3731 od

106 3758 271 3808 antemetros
289 3752 372 3827 nug.
438 3752 586 3809 s'ribult.
608 3752 628 3819 l,
642 3757 669 3818 1,
684 3754 711 3807 6.
781 3749 918 3808 assiduus
936 3749 973 3806 D.
1038 3755 1072 3807 11
1093 3749 1145 3820 fo·

84 3770 200 3884 lentium
209 3829 244 3884 R
293 3829 386 3887 12.14
397 3827 633 3904 alttsstmoDRg.
645 3846 718 3886 corr.
731 3827 843 3885 Carrio.
894 3830 931 3883 16
943 3827 1044 3883 Horat.
1056 3844 1143 3882 eamn.

84 3904 134 3971 111,
149 3907 235 3970 12,1.
323 3911 472 3962 metuentes
490 3905 526 3962 R.
620 3907 733 3980 patriae
752 3923 778 3978 g.
878 3906 914 3960 17
932 3902 1005 3958 Post
1022 3901 1146 3959 adiutam

85 3981 193 4037 desiuit
211 3979 248 4036 D.
306 3984 400 4038 trinos
419 3982 474 4057 ug.
532 3981 653 4056 stapulis
665 3980 700 4046 R,
719 3979 846 4053 stapulas
859 3997 914 4054 gin.
974 3982 1021 4035 20.
1031 3981 1069 4034 22
1083 3981 1145 4034 Lo-

1 4063 2 4068 ’
82 4059 204 4131 utrmque
222 4058 250 4114 R
262 4066 292 4114 et
304 4061 343 4114 20
357 4076 384 4132 g.
406 4057 467 4114 Sed
479 4063 546 4116 v.22
560 4055 712 4132 legendum
723 4064 767 4113 est
777 4056 908 4130 uinoque.
966 4055 1087 4110 20oeuit
1105 4084 1117 4096 ·
1128 4085 1144 4096 -

82 4137 123 4191 22
144 4135 312 4207 Laoiuoque
332 4153 386 4190 om.
408 4151 436 4208 g.
846 4205 897 4268 μ
