2896 4896
490 416 798 478 eaonnuomsuu.
973 471 977 480 ,
1133 382 1208 480 xv'

118 588 255 662 Etenim
279 607 340 660 vv.
367 588 425 658 uit
450 587 548 658 enim
574 593 609 655 et
633 605 730 681 quus
757 583 940 657 dissensio
972 608 1047 659 cum
1081 590 1176 660 initio

117 714 289 789 custodis
315 712 414 802 loco,
441 733 542 806 quem
568 709 773 805 typographi
801 711 932 802 dicunt,
959 713 1049 786 imae
1074 719 1177 810 pagi-

116 865 184 914 nae
211 839 400 936 subscripta
426 837 589 925 fuissent,
622 835 680 908 uhi
705 836 792 909 hacc
823 837 905 911 folia
936 838 1049 912 locum
1082 864 1178 914 suum

117 975 348 1056 mutaverunt,
371 968 414 1039 iis
434 985 521 1059 quae
545 963 757 1058 praecedunt
775 985 912 1037 annexu
932 976 1020 1038 sunt.
1058 967 1178 1062 Neque

116 1097 152 1164 in
178 1093 245 1166 hoc
277 1092 422 1166 substitit
456 1089 625 1165 confusio.
684 1089 770 1162 Nam
802 1092 849 1161 ita
880 1114 938 1165 vv.
971 1117 1068 1191 quae
1099 1095 1180 1168 die-

117 1223 242 1295 eeuaio
267 1222 302 1292 iu
327 1219 426 1292 codd.
452 1219 604 1292 inveniri
628 1215 796 1291 deberent
821 1241 892 1291 non
917 1242 950 1314 p.
970 1220 1031 1310 14,
1046 1220 1088 1312 6,
1114 1223 1179 1295 sed

116 1371 149 1443 p.
166 1347 226 1437 17,
241 1348 285 1438 7,
318 1346 376 1420 ubi
407 1367 499 1418 nunc
533 1344 694 1438 leguntur
725 1368 784 1418 vv.
821 1344 867 1416 dc
897 1351 1178 1447 confirmatione

116 1483 243 1548 autem
272 1483 412 1570 partus
436 1471 551 1544 addito
578 1476 722 1559 antuus,
749 1494 838 1568 quae
869 1494 987 1548 rursus
1020 1499 1054 1570 p·
1078 1449 1177 1566 Ῑ4,6

115 1599 227 1673 locum
261 1623 358 1674 suum
389 1596 572 1694 postulant.
630 1598 727 1670 Haec
766 1600 868 1692 igitur
899 1622 993 1675 novo
1032 1603 1177 1698 quodam

117 1749 239 1800 errore
265 1729 355 1800 inter
382 1749 422 1798 se
447 1726 651 1819 transposita
678 1734 757 1799 sunt
777 1723 831 1819 *J

195 1855 292 1942 Quae
317 1876 377 1930 res
403 1875 479 1925 eum
503 1854 693 1926 certissima
714 1851 795 1924 mihi
814 1853 985 1945 videatur,
1011 1877 1080 1926 uon
1108 1855 1178 1928 du-

116 1979 220 2052 bitavi
247 1983 422 2076 scriptoris
446 1979 557 2054 verba
582 1982 618 2052 iu
642 1989 774 2053 rectum
798 1978 953 2052 ordinem
971 1983 1177 2073 transposita

116 2107 293 2184 exhibere.
347 2109 481 2181 Utinam
507 2106 660 2179 licuisset
693 2107 794 2178 etiam
826 2105 964 2178 lacunas
992 2105 1177 2201 permultas

114 2236 262 2308 maiores
290 2235 502 2322 minoresve,
530 2231 650 2327 quihus
672 2228 854 2305 Censorini
871 2231 959 2306 tiber
977 2232 1174 2330 deturpatus
1244 2327 1248 2334 .
1332 2293 1337 2301 .

113 2371 185 2450 est,
219 2360 373 2455 explere.
433 2357 481 2432 At
508 2356 587 2429 mihi
618 2360 730 2453 potius
763 2357 868 2453 longe
889 2359 1004 2456 plures
1030 2361 1178 2436 lacunae.
1299 2435 1300 2446 ,

111 2485 315 2560 indicandae
342 2496 452 2576 erant,
479 2507 578 2580 quum
605 2495 706 2559 antea
731 2484 859 2560 fuctum
886 2498 939 2560 cst
956 2487 999 2561 ab
1027 2490 1175 2566 editori-

112 2613 188 2703 bus,
215 2616 272 2706 qui
300 2635 405 2708 saepe
432 2635 492 2686 eas
519 2623 576 2684 aut
601 2597 678 2685 non
692 2614 1024 2704 animadverterunt„
1038 2627 1095 2690 ant
1113 2620 1174 2692 in·-
1211 2598 1214 2603 ¹

112 2741 217 2812 certis
245 2741 453 2812 coniecturis
473 2737 617 2834 explere
638 2740 753 2810 eonati
774 2750 864 2831 sunt,
888 2740 1045 2835 aquibus
1066 2765 1174 2840 pror-

111 2889 168 2940 sus
194 2864 432 2939 abstinendum
453 2866 584 2960 putavi,
607 2885 766 2958 magnum
786 2869 1027 2942 asteriscorum
1045 2893 1172 2944 uume-

109 3015 197 3082 ruut‚
215 2993 334 3087 qudbus
351 2990 493 3064 lacunas
510 2991 674 3082 indicavi,
689 2991 772 3066 nihii
788 2997 960 3070 reveritus
971 2995 1044 3086 **).
1074 2996 1172 3072 Cou-

109 3131 162 3204 tra
196 3141 309 3215 neque
341 3118 623 3216 interpolationes
655 3118 779 3193 desunt
807 3143 827 3192 a
855 3119 1016 3198 librariis·
1039 3132 1171 3198 temero

146 3337 171 3410 *)
194 3342 241 3400 Cs.
262 3363 292 3422 p.
304 3345 377 3414 34,1
399 3346 447 3402 ubi
467 3343 494 3400 D
514 3343 620 3421 repetit
635 3361 679 3410 ea,
701 3360 775 3419 quae
787 3363 817 3419 p.
828 3346 902 3410 32‚1
916 3342 1056 3416 leguntur.
1076 3347 1170 3407 Etiam

184 3439 214 3498 p.
232 3423 308 3486 39,7
332 3439 431 3478 uersus
457 3439 530 3477 unus
554 3420 746 3497 transpositus
767 3428 812 3475 est
831 3419 859 3474 in
880 3417 983 3489 codd,
1004 3431 1033 3478 et
1051 3443 1081 3501 p.
1094 3429 1169 3494 89,5

183 3505 285 3576 aperte
305 3497 449 3573 quaedam
468 3497 532 3554 loco
553 3515 606 3554 suo
625 3504 705 3554 mota
723 3495 865 3572 leguntur.

144 3611 184 3684 **)
205 3614 253 3672 Cs.
273 3619 400 3694 p.11,⁵.
414 3615 500 3682 36,4.
515 3617 562 3683 39,
573 3617 601 3672 8.
620 3613 667 3682 46,
677 3616 706 3670 6.
726 3614 817 3682 47,2;
828 3614 861 3684 4;
872 3618 900 3674 8.
919 3615 965 3684 49,
976 3619 1003 3676 9.
1023 3619 1069 3688 52,
1080 3623 1167 3691 6317.

183 3693 229 3760 62,
240 3695 287 3749 20.
326 3691 364 3749 Et
384 3692 413 3747 in
432 3689 592 3768 fragmento
612 3710 642 3768 p.
655 3693 701 3758 86,
712 3693 740 3747 9.
762 3689 808 3756 94,
818 3693 845 3747 8.
864 3693 910 3759 95,
922 3695 948 3749 6.
967 3697 1013 3761 99,
1023 3695 1051 3752 4.
1092 3699 1166 3764 Qui-

183 3765 308 3826 busdam
325 3778 422 3826 tamen
441 3767 512 3826 locis
532 3768 581 3826 ubi
598 3769 716 3826 verbum
735 3785 822 3824 uuum
848 3777 928 3834 certo
948 3771 1059 3830 restitui
1079 3792 1167 3849 posse

180 3844 331 3903 videbatur
349 3845 380 3901 id
400 3843 564 3902 addendum
589 3844 703 3920 putavi,
729 3861 755 3900 e.
770 3862 795 3899 e.
810 3861 835 3899 v.
857 3863 941 3920 quoue
960 3866 989 3924 p.
1010 3851 1037 3916 3,
1048 3852 1075 3904 2.
1096 3857 1166 3906 sum

179 3941 209 3998 p.
221 3923 267 3989 16,
277 3925 305 3980 7.
319 3924 366 3990 62,
377 3924 423 4012 uo.
438 3927 488 4012 'aa
507 3941 538 3999 p.
549 3922 653 4016 uano.
675 3925 704 3976 a
724 3939 753 3996 p.
765 3921 868 3987 20,11.
887 3923 992 3990 75,1o.
1012 3928 1058 3991 91,
1069 3927 1097 3980 2.
1119 3927 1168 4000 aa

178 3999 330 4132 aaut·
350 3994 1104 4153 iidss'itt'tit?etitididcttfttiis
1118 4006 1164 4137 u:

178 4151 225 4216 85,
235 4153 260 4206 9.
278 4154 324 4220 95,
334 4156 361 4210 8.
382 4155 428 4220 eo,
440 4154 487 4208 16.
