2852 4892
401 416 638 476 FRAGMENTt
657 417 740 476 CAP.
752 422 779 476 3.
1078 427 1115 482 81

72 577 162 646 latere
185 599 204 645 a
225 578 336 670 quinto
358 577 452 666 signo
475 576 676 667 deprebensa
702 577 984 669 postmeridianam
1009 583 1119 650 statio·

72 715 139 760 nem
160 693 252 774 iacit,
277 691 381 759 donec
410 693 557 783 ingresso
585 689 657 758 soie
685 691 771 760 idem
792 693 921 784 signum
941 693 1001 763 sub
1024 695 1118 764 radiis

72 808 133 874 eius
155 806 324 874 delitescat
347 814 379 872 et
399 807 432 872 in
454 815 558 874 torum
581 806 716 874 occidat.

147 921 316 1011 Aspiciunt
335 920 419 986 inter
440 943 475 986 se
498 919 609 988 stellae
633 945 675 988 ex
697 923 807 1012 quinto
829 923 938 1013 signo,
964 923 1052 1015 quod
1074 923 1154 992 di-8

50 1037 145 1103 sutor
167 1037 334 1126 trigonon,
357 1043 390 1101 et
410 1031 530 1102 habent
549 1037 724 1102 maximam
747 1038 1002 1104 consensionem.
1045 1038 1124 1105 item

69 1171 86 1215 a
105 1160 229 1242 quarto,
251 1149 337 1241 quod
359 1149 475 1218 dicitur
495 1158 686 1240 tetragonon
710 1161 743 1218 et
764 1161 899 1221 centron
917 1159 1068 1234 vocatur,
1091 1159 1125 1218 et

67 1265 299 1338 inalterutrum
316 1265 494 1330 maximum
514 1274 680 1353 praestant
697 1267 857 1333 effectum.
889 1267 967 1332 item
989 1287 1032 1334 ex
1044 1283 1123 1334 con-

67 1381 180 1462 trario,
215 1378 302 1471 quod
325 1388 374 1446 est
403 1378 576 1468 septimum
604 1379 733 1468 signum
760 1388 793 1446 et
819 1379 999 1447 diametron
1024 1401 1125 1448 voca·

69 1505 117 1561 tur
137 1503 252 1586 estque
272 1494 414 1560 maxime
437 1489 618 1558 adversum.
663 1491 782 1561 Cetera
812 1493 970 1562 dissident
995 1494 1050 1561 vel
1078 1494 1126 1562 le-

38 1611 148 1678 orirer
171 1611 343 1701 aspiciunt,
365 1617 402 1675 ut
423 1605 552 1672 tertium
574 1607 739 1699 quodque,
767 1607 855 1699 quod
882 1607 997 1675 dieitur
1025 1607 1127 1675 bexa-

68 1747 184 1815 gonon.
621 1806 624 1814 .

152 1840 257 1930 Signa
275 1838 399 1928 tropica
421 1837 728 1927 peregrinationibus
751 1848 906 1929 praesunt
932 1847 966 1905 et
995 1841 1159 1916 omnin09

68 1952 253 2035 mobilibus,
280 1961 313 2020 et
342 1951 374 2018 in
404 1953 543 2020 consiliis
574 1950 709 2019 subinde
732 1952 860 2018 variant
880 1959 978 2041 atque
999 1973 1130 2041 permu-

69 2077 145 2136 tant.
189 2067 337 2134 biformia
358 2067 576 2156 geminatione
604 2088 714 2132 rerum
741 2066 885 2132 omnium
905 2065 1130 2155 repetitionem

35 2204 55 2243 ιε
67 2181 248 2273 significant
276 2190 309 2247 et
333 2180 461 2245 interim
491 2178 683 2247 dilationem.
715 2177 839 2272 'solida
865 2175 1075 2246 vehementer
1097 2189 1131 2247 et

62 2299 223 2364 instanter
245 2292 386 2361 efficiunt
407 2303 440 2388 et
462 2297 503 2364 ad
526 2298 648 2363 exitum
669 2291 723 2361 vel
744 2315 900 2384 prospera
920 2291 976 2361 vei
992 2291 1130 2361 adversa
1204 2379 1208 2386 ι

62 2409 264 2502 perducunt,
296 2409 378 2475 sicut
406 2411 605 2502 aspiciuntur
625 2434 644 2477 a
667 2407 767 2477 stellis
797 2405 851 2474 vel
872 2406 1054 2476 faventibus
1073 2407 1129 2476 vei

62 2523 327 2616 repugnantibus.

151 2635 289 2706 Multum
314 2646 423 2736 tamen
451 2640 563 2720 refert,
591 2640 682 2707 euim
711 2659 859 2728 quaeque
887 2634 981 2702 stella
1002 2637 1128 2736 domus,

31 2771 54 2810 ²0
66 2752 194 2820 alienae
216 2773 257 2817 an
279 2749 379 2840 ipsius
401 2754 460 2819 sit.
494 2753 622 2822 Domus
644 2749 721 2818 solis
744 2758 793 2817 est
810 2749 873 2833 leo,
889 2747 985 2822 lunae
1004 2773 1130 2838 cancer,
1143 2763 1181 2817 1ο

63 2866 217 2935 Mercurii
240 2847 333 2954 virgo
356 2875 387 2932 et
409 2867 538 2956 gemini,
560 2865 698 2935 Veneris
720 2862 799 2932 libra
822 2874 855 2934 et
876 2873 996 2950 taurus,
1018 2865 1130 2936 Martis

63 2983 195 3072 scorpio
219 2990 252 3048 et
274 2979 373 3062 aries,
400 2979 484 3048 Iovis
513 2981 696 3071 sagittarius
726 2989 759 3048 et
787 2981 900 3074 piscis,
922 2979 1054 3050 Saturni
1075 3005 1131 3050 ca-

62 3097 234 3186 pricornus
258 3103 291 3162 et
313 3094 472 3185 aquarius.
515 3093 691 3164 Noetnmis
720 3096 894 3186 originibus
922 3095 1032 3162 tavent
1052 3093 1130 3162 luna

63 3303 235 3360 oceanum
311 3258 462 3358 bremium
554 3303 592 3356 10
611 3296 818 3428 adspiciuntur.
838 3293 970 3350 Tertium
990 3293 1127 3369 quodque

64 3377 122 3434 dic.
204 3378 241 3434 15
262 3374 398 3432 dilatione
419 3373 514 3431 solida
601 3376 638 3430 19
679 3389 760 3426 omus
781 3370 827 3436 sit,
847 3363 886 3425 al.
907 3385 945 3424 an
964 3369 1056 3448 ipsius

62 3565 211 3628 aearum
229 3585 257 3642 g,
269 3583 335 3624 ooo.
356 3563 500 3622 cbrontoos
520 3581 545 3620 s.
564 3557 740 3631 mro-aum
760 3576 815 3616 em.
835 3557 996 3622 Sabnasius
1014 3580 1126 3628 exerce.

62 3643 140 3704 Plin.
157 3664 186 3722 p.
195 3647 261 3710 720,
282 3641 331 3717 qui
350 3639 505 3698 italorum
525 3636 659 3696 constitui
677 3635 770 3696 iubet:
797 3653 869 3711 qaae
888 3645 977 3698 contr.
997 3645 1041 3698 ast
1058 3641 1125 3710 soii,

63 3741 95 3780 eo
117 3724 149 3780 in
167 3737 247 3780 more
264 3716 401 3778 oratoru
419 3718 511 3773 oritur
528 3718 622 3793 primo
640 3717 841 3772 nocuerant.
862 3731 922 3772 nor.
1012 3720 1032 3776 3
1052 3715 1125 3776 deii.

64 3805 157 3870 uacui
174 3802 201 3854 et
219 3796 325 3863 Dran,
345 3793 507 3852 deterreas
526 3812 550 3850 s.
574 3855 578 3862 ,
623 3793 641 3850 5
662 3807 738 3850 cons.
758 3781 943 3862 anputatae
962 3811 980 3850 a
1002 3791 1042 3848 ud
1062 3793 1124 3850 Ge·

63 3876 135 3934 mia.
156 3873 194 3932 el.
214 3882 282 3930 astr.
301 3875 414 3949 p.5sq.
512 3870 675 3940 domitori
693 3867 763 3936 Rm,
789 3870 907 3926 marceni
924 3885 953 3942 g.
1007 3883 1060 3924 aec
1080 3869 1126 3924 rin

63 3969 148 4012 sana.
245 3953 264 4007 8
283 3944 425 4025 reprimam
444 3945 486 4016 D,
505 3949 651 4024 septimum
669 3943 761 4074 iigps.
785 3950 899 4000 eertum
918 3942 1028 4000 Carrio.

62 4025 243 4088 tidiseedent
259 4025 296 4082 D.
366 4028 403 4082 10
422 4041 529 4099 quoque
565 4064 574 4079 .
642 4036 696 4093 qao
736 4037 793 4076 om.
813 4020 849 4078 R.
917 4022 954 4078 13
972 4017 1126 4082 munilibus

61 4105 131 4164 DR.
215 4105 252 4162 15
273 4100 404 4160 dilatione
422 4099 505 4174 Dng,
524 4097 553 4156 δ’
586 4098 689 4156 tionem
707 4113 723 4150 s
744 4093 900 4154 Cauchius.
981 4097 1019 4152 20
1038 4097 1125 4160 Dono.

65 4174 458 4243 cf.1rirmic.math.11,a.
537 4180 579 4232 eet
598 4191 653 4230 our.
673 4169 737 4228 Du
816 4174 854 4228 22
863 4171 943 4310 6ioasi
958 4167 1053 4232 Dran.
