2852 4892
250 419 254 428 ’
382 428 434 486 DE
454 425 520 485 DIE
540 425 687 484 NATALI
708 427 790 486 CAP.
806 432 852 490 15.
1092 432 1127 490 41

74 591 182 658 niem
203 586 307 658 officia
329 611 430 682 penes
450 599 485 656 te
501 609 700 672 unumesse,
713 589 888 681 etquidem
899 592 1021 658 maiora
1035 615 1131 684 quam

75 707 201 798 possint
232 705 328 796 digne
357 728 376 771 a
403 722 566 795 quoquam
598 702 734 770 referri?
790 704 902 790 Quare
928 715 960 772 et
994 730 1054 798 ego
1083 707 1164 777 hist

75 843 165 890 nunc
187 819 476 890 commemorandis
506 817 734 909 supersedebo.
766 819 819 886 “de
846 819 1028 913 eloquentia
1056 845 1143 915 quo*

78 959 143 1028 que
164 935 254 1019 sileo,
276 957 374 1028 quarn
395 934 501 1000 omnia
522 941 707 1000 nostrarum
733 935 970 1024 provinciarum
996 937 1137 1005 tribuna·

51 1053 131 1134 ella,
155 1073 267 1120 omnes
289 1049 454 1142 praesides
475 1057 646 1129 noverunt,
668 1071 766 1139 quam
788 1048 927 1141 denique
945 1051 1021 1119 urbs
1032 1051 1138 1120 Roma

79 1177 114 1236 et
139 1167 295 1234 auditoria
322 1187 415 1232 sacra
438 1164 553 1231 mirate
579 1172 663 1230 sunt.
705 1163 787 1232 hacc
808 1187 845 1232 se
867 1167 961 1233 etad
983 1189 1137 1258 praesens

79 1283 166 1351 etin
188 1284 295 1348 lutura
315 1278 446 1348 saecule
466 1280 544 1346 satis
563 1279 634 1369 ipsa
655 1278 808 1346 nobilitat.

168 1395 256 1465 XVI.
287 1396 384 1465 Nunc
399 1415 478 1462 vero
499 1403 656 1485 quatenus
675 1393 715 1459 de
728 1393 780 1460 die
792 1395 891 1461 natali
903 1397 1008 1466 scn‘bo
1027 1416 1167 1469 meums

81 1533 202 1579 munus
223 1509 346 1603 inplere
367 1507 519 1590 conabor,
539 1518 733 1598 lupusque
754 1507 960 1596 hodiemum,
982 1535 1046 1604 quo
1069 1537 1139 1580 ma-

44 1627 173 1694 turrime
193 1627 300 1708 flores,
320 1645 418 1716 quam
439 1633 552 1714 potero
579 1621 781 1690 lucidissimis
806 1626 891 1692 notis
917 1626 1068 1716 signab03
1098 1651 1141 1696 ex
1221 1677 1224 1683 -

39 1739 45 1746 “
83 1765 150 1835 quo
172 1744 270 1809 etiam
291 1741 413 1832 primus
423 1737 478 1806 ille
494 1747 568 1804 tuus
584 1737 699 1804 natalis
714 1737 833 1830 liquido
845 1749 1006 1809 noscetur.
1040 1743 1172 1811 Tem-2

83 1881 146 1948 pus
173 1865 283 1923 autent
310 1875 376 1922 non
401 1853 488 1920 diem
516 1853 738 1921 tantummodo
764 1854 819 1921 vel
839 1877 986 1924 mensem
1007 1857 1062 1924 vel
1084 1881 1142 1926 on-

83 1995 165 2040 num
185 1980 365 2038 vertentem
388 1967 526 2060 appello,
547 1969 605 2060 sed
627 1977 662 2035 et
680 1967 768 2059 quod
789 1968 918 2058 qrridom
939 1969 1075 2036 lustrum
1087 1984 1144 2039 aut

85 2109 208 2153 annum
237 2107 391 2176 magnum
424 2093 559 2164 vocant,
587 2093 619 2148 et
650 2082 737 2172 quod
769 2081 935 2149 saeculum
967 2085 1142 2154 nominant.

46 2223 71 2264 rs
86 2202 243 2269 Ceterum
265 2200 306 2266 dc
328 2221 426 2278 aevo,
458 2195 545 2286 quod
564 2205 614 2262 est
634 2206 761 2284 tempus
782 2217 882 2264 unum
904 2208 937 2265 et
956 2201 1175 2286 maximum,3

82 2333 155 2384 non
184 2313 321 2380 multum
350 2320 399 2378 est
424 2310 513 2402 quod
538 2313 571 2378 in
598 2313 779 2401 praesentia
807 2313 937 2380 dicatur.
981 2324 1032 2382 est
1058 2319 1145 2384 enirn

84 2434 280 2510 inmensum,
301 2428 369 2495 sine
392 2428 524 2518 origine,
543 2427 612 2494 sine
623 2425 695 2509 fine,
713 2426 800 2518 quod
817 2427 932 2495 eodem
948 2430 1051 2514 modo
1059 2455 1145 2498 sem-

85 2569 148 2638 per
168 2545 228 2611 luit
248 2553 281 2611 et
301 2563 432 2634 semper
452 2544 594 2611 futurum
618 2551 676 2623 est,
696 2566 803 2633 neque
819 2543 860 2609 ad
876 2566 1073 2635 quemquam
1086 2545 1146 2614 ho·-

86 2663 213 2727 minum
234 2661 336 2748 magis
358 2680 455 2749 quam
477 2656 517 2724 ad
540 2656 676 2724 alterum
697 2655 843 2746 pertinet
885 2657 958 2724 Hoc
969 2660 1002 2723 in
1022 2661 1080 2726 tria
1100 2661 1178 2728 ‹li-4

51 2775 210 2843 aviditas
231 2781 386 2862 tempora,
408 2773 631 2862 praeteritum,
652 2793 819 2862 praesens,
840 2771 992 2840 futurum.
1037 2796 1056 2839 e
1078 2775 1147 2866 qui-

88 2891 151 2957 bus
173 2891 382 2978 praeteritum
401 2889 491 2956 initio
513 2896 612 2969 caret,
634 2887 722 2954 exitu
744 2887 894 2970 futurum,
915 2909 1070 2978 praesens
1091 2915 1149 2958 au-

91 3016 174 3086 tem,
204 3002 290 3094 quod
318 3001 460 3070 medium
488 3013 552 3084 est,
581 3003 662 3069 adeo
685 3004 839 3093 exiguum
863 3011 895 3069 et
915 3004 1151 3095 inconprehen-

91 3118 183 3187 sibile
211 3127 261 3184 est
286 3128 322 3184 ut
347 3117 469 3186 nullam
496 3119 629 3209 recipiat
660 3117 892 3209 longitudinem
925 3142 1032 3210 neque
1064 3119 1151 3189 aliud

93 3257 169 3302 esse
190 3234 337 3301 videatur
359 3255 459 3324 quam
478 3234 630 3300 transacti
652 3234 813 3325 futurique
840 3235 1040 3314 coniunctio,
1068 3235 1149 3301 adeo

57 3373 83 3412 as
95 3371 194 3442 porro
216 3347 363 3416 instabile
386 3357 422 3416 ut
442 3347 561 3416 ibidem
576 3348 619 3415 sit
627 3371 813 3440 numquam,
827 3357 862 3414 et
876 3346 1029 3436 quidquid
1047 3357 1151 3414 truns-

93 3563 134 3618 20
153 3577 190 3618 ex

96 3757 116 3814 4
135 3773 217 3833 prou.
237 3761 330 3812 nostr.
349 3755 403 3828 lig.
462 3753 480 3810 5
503 3750 651 3828 praesides
669 3753 707 3810 cs.
721 3753 833 3812 Walter
845 3755 881 3813 R.
894 3741 1030 3832 Rechtsg.
1045 3773 1075 3832 p.
1087 3758 1153 3812 316.

95 3837 183 3891 poesi
196 3835 231 3902 R,
250 3847 349 3889 emere
368 3847 394 3906 g.
455 3831 473 3885 6
493 3828 584 3887 cudit.
604 3845 692 3888 ecoro
713 3831 750 3888 cf.
771 3831 877 3890 Auson.
892 3841 964 3908 grat.
978 3840 1034 3888 act.
1049 3835 1154 3908 p.720.

97 3910 206 3985 Symm.
220 3927 288 3987 epp.
301 3909 376 3975 VIII,
389 3911 434 3966 17.
449 3906 583 3963 Gotlrolr.
595 3907 684 3982 gloss.
697 3927 773 3966 nom.
786 3908 916 3967 Bn'sson.
929 3909 966 3967 de
977 3907 1154 3982 Verb.Sign.

98 4009 123 4046 e.
144 4005 170 4042 r.
191 3987 282 4045 cadit.
356 3986 454 4044 13.14
474 3990 524 4042 ero
542 4001 629 4040 renem
648 4001 716 4041 ona.
735 3984 818 4062 Rgla.
891 3991 930 4045 18
949 3991 977 4042 et
996 4003 1051 4041 orn.
1071 3984 1110 4040 Ia.
1131 3992 1157 4042 et

99 4079 211 4138 seraper
230 4083 285 4120 om.
305 4080 333 4138 g.
417 4067 454 4122 19
473 4059 692 4122 medeburun
710 4062 747 4118 D.
829 4064 867 4120 20
886 4081 902 4120 e
921 4081 976 4118 om.
997 4061 1079 4138 DRg.

102 4144 136 4198 21
161 4141 282 4198 teneto
300 4139 394 4196 Dras.
452 4142 564 4198 scitica
583 4138 619 4195 D.
684 4142 722 4197 22
742 4141 918 4214 inconprene.
939 4139 974 4195 R.
