2852 4892
311 1625 337 1698 1.
392 1647 437 1696 nr
464 1645 641 1698 nsrcnrrr
666 1647 921 1700 nrsrrrcnorr.

172 1773 278 1885 Initia
298 1837 407 1884 rerum
429 1817 543 1887 eadem
570 1815 730 1886 elementa
751 1819 959 1911 et'principia
986 1819 1143 1890 dicuntur.
1248 1827 1252 1833 '

82 1939 134 2007 En
156 1939 249 2006 stoici
272 1939 407 2008 credunt
427 1948 573 2008 tenorem
594 1949 691 2030 atque
706 1941 882 2006 materiam.
916 1943 1072 2024 tenerem,
1090 1945 1146 2034 qui

82 2063 271 2124 rarescente
293 2057 428 2122 materia
448 2079 467 2123 a
489 2054 595 2120 medio
625 2052 736 2119 tendat
763 2053 805 2120 ad
826 2075 1004 2136 summum,
1032 2055 1147 2124 eadem

57 2178 320 2240 sconcrescente
332 2191 444 2236 rursus
468 2191 488 2234 a
508 2187 636 2235 summo
652 2168 808 2234 reseratur
820 2168 860 2236 ad
876 2169 1027 2237 medium.
1060 2171 1148 2240 Thn-

81 2283 136 2351 les
158 2283 301 2350 Milesius
323 2301 441 2373 aquam
462 2277 652 2372 principium
675 2283 817 2350 omnium
834 2282 922 2366 dixit,
942 2293 974 2351 et
988 2285 1065 2354 alies
1077 2290 1147 2379 cpi

81 2400 202 2466 nioncs
224 2417 321 2488 supra
342 2396 444 2464 retuli.
488 2397 672 2466 Stoicorum
694 2399 800 2489 opinio
817 2399 993 2488 probanda,
1009 2403 1179 2491 quiem

83 2521 157 2580 arte
184 2513 399 2602 compositum
422 2512 535 2580 mundi
563 2532 644 2602 opus
676 2514 930 2596 considerarent,
960 2515 1149 2584 introduxe-

84 2635 166 2694 runt
185 2636 334 2692 naturam
354 2627 523 2716 previdanr
546 2649 585 2694 ac
606 2628 924 2718 sapientiam,¹qusm
946 2627 1025 2694 ordo
1041 2631 1149 2720 inper-

48 2740 252 2808 inmutabilis
272 2740 464 2822 ostenderet,
486 2749 521 2806 et
540 2740 696 2806 industria
717 2741 838 2806 factum
853 2743 1148 2831 pronuntiaverunt

85 2858 169 2925 Sive
189 2865 366 2946 perpetuus
387 2855 456 2921 sive
477 2852 654 2946 longaevus
678 2864 727 2921 est
748 2855 888 2923 mundus
911 2866 943 2924 et
958 2855 1180 2928 inflammant

85 2971 156 3038 abit
177 2980 211 3036 et
231 2970 372 3036 vicissim
395 2992 436 3036 ex
456 2968 594 3036 flammis
617 2980 790 3037 renovetur
808 2994 848 3040 nc
870 2973 1058 3057 restituitur,
1090 2971 1154 3046 du-'

86 3085 232 3154 rantibus
255 3095 364 3153 tamen
383 3084 555 3176 principiis,
576 3106 639 3151 nec
659 3084 803 3152 recidere
817 3086 867 3162 ,ad
888 3087 1022 3156 nihilum
1048 3066 1150 3158 videri

88 3210 212 3292 potest,
239 3199 329 3292 quod
354 3185 444 3266 inse
467 3197 573 3268 deficit
594 3199 680 3267 etin
701 3224 738 3266 se
760 3203 944 3290 regignitur.
988 3201 1031 3268 Et
1054 3223 1181 3282 cons-4

53 3340 78 3381 rs
91 3325 142 3383 tat
163 3310 292 3406 quidem
319 3323 469 3408 ‹prattunr
495 3313 677 3396 elementis,
705 3323 806 3394 terra,
834 3335 932 3402 equa,
952 3313 1042 3402 igne,
1066 3337 1149 3388 aere.

92 3543 111 3600 6
133 3559 209 3598 omn.
229 3557 324 3598 rerum
344 3537 401 3597 dix.
462 3545 492 3594 et
511 3553 567 3594 om.
625 3539 644 3594 9
664 3535 824 3612 sapientem

95 3757 110 3810 1
135 3755 177 3810 De
195 3751 326 3811 temti
341 3753 524 3811 inrtitetierte
547 3751 630 3809 Haec
656 3751 742 3810 rerba
765 3749 845 3808 nnilo
866 3753 960 3832 spatio
980 3755 1152 3835 interposito

94 3829 197 3886 nltirnn
217 3829 369 3888 Censorini
389 3837 547 3906 sequuntur
565 3829 596 3886 in
614 3828 711 3906 Dligr.
796 3832 815 3888 3
836 3830 920 3899 Quae
940 3829 987 3888 hic
1006 3831 1044 3891 de
1064 3835 1151 3892 stoi-

96 3907 149 3964 cis
168 3906 321 3964 tradrmtur
338 3907 411 3965 inira
428 3913 504 3973 runt,
527 3906 655 3985 inprimis
674 3906 781 3964 umere
801 3924 862 3964 roc.
965 3906 1058 3982 adque
1076 3907 1114 3966 D.

95 3981 208 4041 Sicine
226 3981 264 4040 D.
327 3983 468 4042 'lrettsrli
484 3983 522 4042 D.
587 3990 625 4040 st.
643 3990 737 4042 tam
757 3999 805 4059 ep.
825 3983 899 4041 coni.
921 3983 1077 4042 Cauchius.

96 4055 241 4118 sitm
262 4058 404 4120 ruerunt
422 4079 460 4118 m.
539 4065 577 4120 10
596 4057 769 4118 eamdem.
848 4067 874 4116 rt
893 4075 949 4115 om.
969 4058 1053 4135 DRg.
1073 4079 1155 4138 mque
1223 4099 1233 4120 0

97 4134 156 4194 imi.
177 4137 252 4193 coni.
274 4135 429 4194 Cauchius.
513 4141 548 4195 11
574 4132 719 4209 stammam
732 4151 766 4268 Ξ
850 4134 975 4193 12-14
993 4139 1156 4198 manner

98 4219 164 4288 port
182 4211 256 4290 qtrod
277 4216 307 4272 ir
325 4229 355 4270 re
373 4210 466 4286 deficit
485 4231 541 4289 gm,
561 4211 674 4270 omissis
685 4227 731 4270 me
753 4211 797 4270 iis.
863 4211 900 4270 14
918 4207 1155 4288 depecterent).
