2852 4892
431 439 667 506 FRAGMENTI
688 443 772 502 CAP.
785 447 832 504 tt.
1087 443 1089 446 ’
1121 449 1159 504 113

98 605 229 676 duobus
249 605 354 696 longis
375 605 535 687 eluceri,
562 606 655 672 uritis
677 602 863 694 exemplum
884 599 1054 686 Latoua3
1083 602 1159 674 tote

97 721 215 788 ordine
235 718 390 788 adversus
412 718 652 811 paliubacchius
675 741 718 788 ex
740 718 830 786 brevi
850 727 884 786 et
904 716 1030 786 duobus
1045 716 1161 808 longis,

94 845 132 902 ut
158 834 356 925 Aquinas3
389 835 545 914 creticus,
573 833 628 924 qui
656 841 689 900 ct
715 832 971 924 amphimacrus,
999 853 1042 898 ex
1061 829 1159 922 longo

95 949 189 1016 brevi
214 957 247 1015 et
267 948 381 1040 longa,
409 957 445 1016 ut
466 948 631 1016 sonitus.
680 945 758 1014 Duo
778 949 880 1036 pedes
906 944 1009 1014 habes
1032 946 1190 1038 quanti-6

72 1073 164 1130 state
188 1063 378 1145 contrarios,
399 1060 668 1152 brochysyllcbou
690 1071 722 1130 et
733 1060 910 1143 molosson,
926 1075 1064 1152 quomru
1080 1059 1162 1130 ulter

96 1179 198 1244 trium
223 1186 404 1268 temporum
427 1185 485 1257 est,
508 1174 590 1244 alter
610 1196 687 1260 sex;
714 1176 826 1246 ordine
847 1176 967 1246 cresin
989 1179 1163 1268 qtuuruto,

95 1300 164 1360 tres
188 1292 231 1358 iu*
246 1291 351 1382 quinis
371 1289 577 1380 temporibus.

348 1467 445 1544 XIV.
493 1490 539 1539 mo
566 1489 736 1552 tecturus
763 1489 923 1540 uuuems.

187 1614 316 1682 Primus
340 1624 390 1682 est
411 1623 444 1681 et
464 1601 626 1704 legitimus
646 1615 788 1684 maxime
807 1637 961 1684 numerus
975 1612 1165 1688 hexameter

62 1745 88 1785 ¹0
99 1725 266 1796 heroicus.
288 1707 382 1796 huius
404 1728 505 1819 pedes
529 1737 584 1796 aut
606 1727 725 1818 dactyli
746 1739 821 1798 suut
843 1739 899 1798 aut
920 1727 1061 1820 spoudii:
1089 1750 1161 1795 raro

85 1845 188 1928 etin
209 1866 308 1912 versu
330 1852 476 1910 extremo
488 1845 667 1934 reperietur
682 1841 862 1912 trochaeus.
884 1845 952 1912 eius
975 1840 1162 1932 exemplum

253 1958 337 2026 Avia
359 1955 522 2026 Pieridum
542 1981 680 2050 peragro
703 1958 777 2025 loca
794 1956 912 2024 nullius
936 1965 1018 2024 ante.

98 2080 191 2139 totus
217 2074 279 2140 iste
307 2071 483 2162 dactylicus
508 2071 568 2138 tuit
594 2080 627 2138 et
653 2068 764 2138 habuit
783 2093 947 2140 summum
966 2066 1162 2138 trochaeum.

98 2186 162 2254 sed
184 2187 304 2252 mixtus
326 2209 369 2251 cx
390 2184 533 2274 spondiis
555 2183 607 2251 hic
629 2184 698 2266 erit,
827 2253 829 2256 .

62 2327 86 2366 ιε
272 2296 395 2366 ltaliam
416 2298 481 2364 lato
502 2299 658 2389 profugus
679 2295 878 2392 Lavirioque
900 2303 997 2382 venit,
1178 2323 1197 2376 2

99 2421 193 2479 totus
215 2435 257 2480 cx
279 2412 421 2503 spondiis
1106 2431 1108 2438 ’

266 2525 365 2594 Cives
387 2525 527 2594 Romani
549 2535 626 2597 tunc
647 2531 722 2598 ducti
743 2539 819 2597 sunt
841 2529 1007 2620 Campani.

98 2639 167 2708 hoc
191 2663 294 2730 genus
314 2641 441 2708 numeri
469 2643 736 2730 paucissimarum
763 2643 934 2711 duodecim
962 2641 1167 2732 syllabarum,

98 2753 316 2844 plurimarum
338 2753 454 2820 decem
475 2763 508 2820 et
529 2764 613 2821 octo.
646 2765 793 2846 tempora
813 2757 927 2847 recipit
947 2743 1059 2848 viginti
1074 2765 1166 2848 quat-

63 2876 194 2950 utum,
224 2867 352 2934 interim
381 2867 493 2960 viginti
522 2867 593 2935 tria.
645 2867 780 2960 pedibus
807 2870 908 2940 tribus
935 2880 1059 2940 tantum
1088 2895 1166 2942 con-

101 3039 121 3091 2
142 3031 237 3090 ordini
334 3035 353 3090 3
374 3033 423 3108 qui
444 3049 499 3090 otu.
598 3033 618 3092 4
635 3031 755 3093 Duobus
782 3045 811 3094 et
837 3037 994 3114 quantitate
1015 3035 1165 3096 contrariis

101 3107 323 3184 brachycyllabo
343 3118 372 3168 et
391 3111 518 3168 molosso
617 3116 651 3170 11
673 3111 757 3170 huius
860 3116 896 3174 15
917 3115 1086 3190 Laviniaque

102 3190 140 3246 19
161 3184 324 3243 octodecim

101 3343 120 3396 2
142 3337 235 3397 ordiui
253 3337 316 3395 DR.
339 3355 412 3410 corr.
432 3336 551 3396 Sauten.
567 3339 606 3396 ad
617 3341 737 3397 Terent.
748 3339 841 3395 Maur.
875 3339 941 3396 .89.
961 3337 1164 3416 ordinemug.

102 3413 128 3454 θ’
148 3431 186 3472 oc
204 3412 315 3472 duodus
332 3411 427 3488 locuto
444 3412 473 3451 “²
491 3415 528 3470 D.
632 3419 650 3470 3
671 3417 719 3488 qui
744 3433 800 3469 om.
820 3355 911 3487 Ddg:
937 3414 1030 3470 estin
1050 3434 1087 3470 m.

101 3492 121 3548 4
142 3489 257 3549 noctu
276 3487 358 3547 dudm
377 3490 536 3564 quontitate
555 3490 716 3546 contrarios
735 3489 771 3557 D,
792 3487 868 3544 unde
889 3485 974 3545 effeci
986 3490 1065 3566 quod
1076 3511 1164 3572 supra

101 3568 197 3644 posui.
222 3564 330 3625 duodus
354 3563 390 3622 ob
420 3567 577 3639 morantate
600 3565 753 3621 contrariis
771 3565 811 3632 R,
839 3561 950 3622 duobus
970 3585 989 3624 u
1009 3571 1165 3643 qtoorrtitcto

102 3645 252 3701 contrariis
270 3661 298 3718 g.
357 3646 375 3700 5
395 3639 606 3712 broclmsyllcbo
621 3640 782 3698 ctmolocco
794 3639 874 3718 DRg.
934 3643 952 3698 6
972 3659 1008 3702 cc
1019 3645 1117 3704 ordino
1125 3645 1163 3704 D.

103 3719 227 3778 ordinem
245 3719 281 3777 R.
351 3724 529 3777 decomeco
547 3716 603 3794 ug.
672 3722 708 3776 11
730 3725 853 3776 mtrcruo
872 3735 956 3776 uersu
974 3720 1010 3778 R.
1068 3739 1164 3779 cccm-

100 3795 179 3870 plum
197 3798 261 3854 eiua
280 3813 307 3872 g.
380 3797 418 3851 12
437 3792 513 3851 Auia
532 3795 647 3853 Lucret.
662 3795 683 3864 l,
697 3799 763 3856 925.
777 3796 828 3865 lV,
842 3800 869 3854 1.
938 3813 1059 3874 poro9ru
1077 3798 1114 3855 R.

103 3875 140 3930 13
150 3865 333 3930 trocl‘uotl).
393 3873 430 3930 15
441 3870 521 3947 Virg.
537 3876 608 3932 Aen.
619 3872 641 3941 1,
654 3877 682 3931 2.
738 3875 903 3950 Looiuuquo
914 3873 969 3948 Rg.
1027 3878 1065 3932 17
1077 3875 1163 3932 Ennii

101 3963 201 4006 versuo
221 3948 351 4008 habetur.
441 3952 477 4007 19
497 3948 648 4008 octodecim
667 3949 702 4016 R,
723 3953 832 4008 XVlll
851 3967 879 4026 g.
899 3948 999 4006 Potius
1011 3952 1111 4017 XVll,
1131 3962 1162 4008 ut

102 4022 236 4082 Diomed.
256 4025 295 4081 lll
314 4045 344 4104 p.
354 4025 420 4084 493.
497 4029 537 4084 20
555 4028 661 4084 iuteroo
680 4042 737 4100 gin.
757 4025 895 4084 interdum
913 4023 1031 4082 Puteoli.
1051 4028 1162 4086 iuuetur

103 4099 161 4160 des.
182 4101 303 4159 Santeu.
324 4099 363 4158 ad
382 4102 503 4160 'l'ereut.
523 4103 616 4160 Maur.
660 4103 754 4158 .219.
776 4101 813 4158 cf.
835 4119 860 4159 c.
877 4105 904 4168 3,
915 4107 943 4158 9.
965 4099 1061 4159 Hand.
1082 4104 1161 4163 Tur-

103 4177 166 4310 dell·
182 4177 227 4314 gl
246 4179 357 4310 pli'm
428 4179 526 4252 oiyiuti
547 4186 602 4236 use
622 4121 687 4246 IlR‚
707 4179 819 4235 xxm
837 4195 865 4252 g.
936 4175 1052 4253 pedidus
1070 4180 1162 4242 tritor

123 4273 160 4311 e.
209 4273 262 4312 arro
284 4273 337 4312 rur.
