2896 4896
498 425 807 489 PROLEGOMENA.
1142 445 1179 484 rx

121 617 201 670 suus
227 594 408 668 derivasse
421 592 476 688 i).
519 591 604 664 lllud
630 615 764 688 quoque
791 591 987 688 quibusdam
1006 592 1092 668 locis
1118 593 1178 665 ia·a

121 723 187 796 oile
212 720 365 815 intellegi
390 728 515 815 potest,
543 717 770 794 Censorinum
789 742 851 793 eos
869 721 1068 816 scriptores,
1088 742 1179 815 quo-

121 847 196 922 rum
214 849 406 922 testimonie
426 847 536 938 allent,
557 868 624 919 nee
641 849 751 944 ipsum
772 847 915 942 legisse,
933 869 1046 942 neque
1061 869 1180 920 eornm

122 984 314 1049 accuratam
339 975 492 1048 notitiem
517 971 699 1064 hahuisse,
734 975 797 1049 sed
823 974 923 1046 ulium
955 978 1181 1070 antiquiorem

122 1106 344 1200 scriptorem,
376 1105 433 1197 qui
459 1121 523 1174 cos
550 1099 769 1193 adhibuerat,
802 1101 956 1176 secutum
983 1101 1088 1176 esse.
1130 1101 1182 1174 ltu

1 1230 2 1233 ’
122 1230 211 1326 opud
236 1230 459 1302 Platonem
490 1227 561 1322 legi
591 1227 737 1301 affirmet
762 1227 817 1326 (p
830 1227 1001 1324 24,15],
1033 1253 1121 1326 quue
1145 1231 1182 1302 iu

123 1359 197 1430 eius
222 1355 317 1430 libris
341 1379 412 1429 non
437 1355 612 1450 leguntur,
640 1357 875 1453 Hipponem
902 1357 1079 1431 confundit
1105 1379 1181 1430 cum

123 1483 311 1579 Hippaso
339 1484 469 1581 (prs,
484 1483 547 1576 9),
580 1492 617 1554 ut
643 1493 827 1579 appareat,
854 1483 1181 1577 Aristoxenum,

124 1613 219 1684 cuius
250 1613 453 1685 auctoritate
484 1609 531 1682 ihi
557 1611 677 1701 utitur,
711 1609 753 1682 ub
784 1613 859 1708 ipso
892 1613 1082 1708 inspectum
1113 1633 1182 1686 non

125 1760 224 1826 csse3
249 1737 294 1810 de
311 1738 559 1810 Democrito
586 1735 695 1810 refert
711 1737 938 1835 discrepantia
957 1739 1072 1830 abiis,
1090 1762 1182 1834 quae

125 1864 182 1938 ulii
214 1832 400 1959 sculptores
424 1863 560 1936 tradunt
585 1863 644 1960 (p.
661 1863 723 1955 14,
741 1863 799 1936 13.
822 1867 884 1958 16,
899 1865 962 1960 1),
996 1866 1053 1938 uhi
1079 1845 1183 1937 dubi·-

124 1991 218 2064 tandi
244 1999 340 2064 certe
365 1990 462 2066 locus
482 1999 546 2082 est,
570 2013 754 2085 aquonum
778 2015 878 2064 error
904 1993 1105 2065 commissus
1128 1994 1183 2081 sit,

126 2131 162 2194 et
192 2142 281 2215 quue
320 2119 364 2192 de
404 2117 658 2213 Aphrodisii
691 2116 752 2213 (p.
774 2118 837 2210 57,
856 2121 905 2212 5)
949 2129 997 2192 et
1022 2119 1184 2191 Timaei

126 2247 182 2342 [p.
202 2247 265 2336 63,
285 2249 329 2339 5)
361 2245 563 2318 testimoniis
598 2245 724 2317 monita
757 2255 854 2337 sunt,
886 2249 1115 2342 suspicionem
1141 2245 1185 2318 dc

128 2372 313 2459 Censorini
351 2393 472 2446 errore
511 2379 567 2442 aut
599 2370 818 2466 neglegentia
853 2382 1005 2446 movent.
1063 2375 1185 2446 Mirum

127 2502 163 2574 id
190 2522 324 2596 quoquc
350 2506 423 2589 est,
456 2497 603 2570 Linum
631 2497 685 2594 (p
700 2497 848 2592 55,16]
881 2509 959 2594 post
984 2499 1186 2572 Heracli·-

128 2639 211 2702 tum
242 2626 521 2713 commemorari3
554 2647 631 2696 narn
664 2621 746 2694 illud
779 2623 914 2718 quidem
939 2627 1038 2698 nimis
1066 2612 1188 2701 subtile

129 2754 285 2843 videtur,
318 2751 539 2824 lucratione
571 2749 732 2839 indicari,
766 2749 840 2820 Lini
872 2767 958 2844 quoe
991 2751 1191 2828 ferebantur

130 2882 280 2956 carmine
306 2886 391 2975 post
404 2875 568 2949 Heracliti
593 2885 747 2972 tempora
774 2899 854 2950 csse
881 2882 1078 2976 composita.
1110 2882 1190 2956 Ne·-

132 3031 199 3103 que
232 3007 426 3102 scripsisset
457 3003 615 3100 profecto
643 3003 876 3099 (p.18,12]:
910 3029 1084 3104 „quorum
1109 3033 1190 3083 om.

132 3139 224 3209 nium
252 3153 440 3208 cousensus
465 3131 770 3228 Euryphcnem
798 3129 991 3204 Gnidium
1024 3157 1094 3210 non
1122 3139 1190 3210 de-

134 3271 241 3338 terret
265 3261 300 3334 id
325 3263 436 3356 ipsum
459 3257 630 3354 intrepide
655 3260 881 3351 negantem,’'
914 3263 942 3332 si
969 3265 1192 3353 meminisset,

133 3388 394 3487 Eurqphontem
406 3383 475 3479 aa)
491 3386 714 3479 antiquiorem
730 3383 851 3472 fuisse,
866 3405 965 3477 quum
979 3409 1100 3461 omnes
1116 3389 1193 3462 fere

135 3528 308 3608 auctores,
335 3535 421 3611 quos
443 3514 690 3584 nominaverat.
722 3509 838 3605 Atque
860 3511 915 3584 hic
934 3515 1068 3609 quidem
1085 3539 1193 3614 aper-

136 3655 206 3718 tnm
232 3651 296 3735 est,
324 3640 550 3715 Censorinum
573 3640 722 3710 maxime
749 3638 859 3714 studio
884 3641 1080 3737 indulsisse,
1106 3646 1197 3740 quod

176 3844 202 3919 *l
224 3847 272 3902 Cf.
293 3845 421 3903 adnotat.
438 3864 466 3921 p.
478 3846 504 3912 6,
516 3848 562 3902 10.
577 3846 603 3912 9,
613 3841 642 3900 l.
657 3841 703 3910 14,
713 3847 740 3900 2.
755 3845 858 3911 55,16.
873 3846 919 3911 69,
929 3847 957 3902 7.
971 3849 1017 3914 70,
1028 3852 1055 3914 1,
1067 3851 1112 3904 18.
1134 3848 1196 3904 Ne·

216 3941 272 3998 que
293 3921 408 3989 dubito,
435 3921 504 3996 quin
531 3920 589 3977 alia
616 3919 736 3976 inveniri
763 3921 876 3997 possint
900 3939 937 3978 ex
957 3921 1087 3979 Varrone
1107 3923 1198 4000 petitu

215 4007 331 4075 praeter
348 4017 394 4066 ea,
415 4016 488 4072 quae
509 4015 527 4054 a
545 4015 591 4054 me
611 3994 737 4052 iudicata
756 4004 831 4054 eunt.

179 4103 504 4252 **)qus51¹prpntionem
529 4115 600 4172 facit
625 4134 661 4172 ex
681 4114 808 4173 Stobaeo
828 4115 947 4172 Plrotius
968 4115 1036 4172 utut.
1057 4119 1121 4176 cod.
1143 4124 1199 4180 167

217 4211 246 4270 p.
378 4231 385 4247 .
