2852 4892
373 369 426 428 DE
446 367 516 428 DIE
536 370 684 432 Nerati
705 371 792 432 Chr.
806 376 852 432 15.
1110 381 1149 440 39

8 559 16 598 r
81 529 189 596 ahiret
206 529 278 596 oiho
302 527 453 596 statam
473 539 507 596 et
527 539 639 600 contra
650 530 817 621 Diogenes
835 533 967 622 oynieus
993 533 1055 604 siti
1070 558 1148 606 eru·-

8 673 13 713 α
81 645 185 712 ditate
205 645 239 710 in
262 641 427 712 choleram
449 641 575 714 solutus
597 653 656 712 est.
697 644 930 715 Eratosthenes
947 669 1076 738 quoque
1093 651 1148 720 ille

8 793 12 830 r
79 759 171 827 orhis
187 765 350 826 terrorum
376 769 508 824 mensor
535 767 576 828 et.
593 757 798 830 Xenocrates
820 759 1005 831 Platonicus
1027 767 1150 834 veteris.

8 909 11 946 ς.
78 873 271 942 aeadontiae
296 872 447 963 princeps
474 871 682 942 adeundam
711 887 834 942 mnam
862 875 1021 946 vixerunt.
1068 876 1176 950 Noni

8 1023 9 1034 κ
49 989 182 1080 epauei
205 990 301 1055 etiam
322 1007 382 1077 per
403 986 667 1077 animi‘spiritnm
694 987 849 1058 molestiis
875 992 1018 1082 eorporis
1048 1013 1146 1084 supe-

8 1155 9 1160 ,
79 1104 161 1170 ratis
183 1102 318 1170 limitem
337 1102 438 1168 istam
457 1105 649 1192 transgressi
667 1105 1017 1188 tarasconenses,
1038 1121 1057 1172 'a
1078 1129 1146 1198 quo

77 1219 180 1286 tertia
190 1216 356 1286 academia
369 1224 429 1298 est,
450 1239 533 1307 quoe
549 1215 665 1286 diohur
675 1239 772 1301 nova,
784 1221 839 1312 qui
854 1219 895 1288 ad
907 1242 1027 1290 aenum
1041 1243 1145 1292 oona·

76 1332 265 1422 gerasimum
280 1337 308 1410 *,
334 1328 389 1398 vel
411 1329 603 1414 Cleanthes,
632 1334 698 1423 <pri¹
714 1345 782 1402 un'o
801 1335 907 1402 minus
930 1342 1061 1406 eentum
1082 1361 1145 1406 ex·

75 1445 193 1535 plesit
237 1454 271 1512 at
284 1443 507 1535 Xenophanes
520 1444 740 1536 Colophonius
762 1448 865 1517 maior
886 1463 1042 1517 annorum
1064 1473 1143 1520 oen·

34 1569 153 1628 sotum
182 1561 248 1628 fuit
284 1558 522 1628 'Democritum
555 1583 686 1651 quoque
711 1561 884 1633 Abderiten
918 1573 951 1636 os
976 1562 1141 1638 [morales

73 1674 243 1742 rhetorem
265 1677 372 1744 terunt
391 1693 493 1764 prope
506 1673 556 1748 ‚ad
577 1673 610 1743 id
631 1677 744 1746 aetatis
765 1679 950 1767 pervenisse
972 1701 1037 1768 quo
1054 1677 1140 1750 Gor·

73 1789 155 1880 gian
175 1787 385 1871 Leontinum,
408 1811 505 1880 quem
526 1791 671 1865 omnium
692 1797 839 1858 veterum
860 1793 1002 1860 maxime
1024 1812 1139 1863 senem

73 1905 177 1972 fuisse
207 1913 241 1972 et
274 1913 349 1972 octo
380 1927 481 1994 supra
516 1913 648 1988 eentum
681 1926 783 1972 annos
814 1904 965 1972 hahuisse
999 1916 1137 1974 coastat.

73 2019 205 2105 Quodsi
227 2018 401 2086 cultoribus
423 2019 600 2108 sapientiae
620 2020 689 2086 sive
711 2038 770 2108 per
793 2019 890 2087 animi
911 2021 1061 2089 virtutem
1075 2034 1167 2093 seut

31 2156 58 2196 rs
72 2133 152 2224 lege
180 2135 237 2202 lati
261 2133 383 2201 diutina
412 2132 526 2222 obtigit
552 2132 634 2214 vita,
653 2154 720 2200 non
741 2131 878 2222 despero
902 2133 977 2222 quin
999 2143 1030 2200 te
1052 2157 1134 2226 quo·

71 2271 141 2340 que
172 2247 227 2314 din
251 2269 388 2336 corpore
415 2255 512 2336 atque
541 2247 648 2315 animo
674 2245 838 2316 valentem
857 2247 986 2338 longior
1005 2257 1136 2318 maneat

68 2477 89 2532 7
105 2473 155 2548 qui
168 2471 207 2530 ad
218 2491 324 2546 annum
334 2473 568 2548 nonagensimsmr
577 2469 591 2500 *
600 2490 656 2530 aas.
697 2477 735 2532 10
747 2472 903 2532 leocratem
947 2479 982 2534 11
996 2474 1134 2550 Gorgiam

70 2692 83 2745 1
112 2687 199 2758 Diog.
224 2684 310 2760 Diog.
330 2685 366 2742 L.
385 2684 435 2752 vl,
454 2689 507 2743 76:
539 2679 655 2760 λέγεται
682 2676 760 2756 πρὸς
785 2678 824 2740 τὰ
851 2677 1050 2760 ἐννενήκοντα
1078 2675 1130 2758 In]

68 2754 163 2834 βιοὺς
184 2759 371 2834 τελευτῆσαι.
436 2765 455 2817 2
475 2759 600 2818 salutator
619 2767 660 2816 est
679 2759 716 2816 D.
776 2759 922 2818 Eratosth.
944 2759 981 2818 of.
1002 2759 1084 2818 Suid.
1106 2779 1129 2818 s.

72 2859 100 2895 v.
120 2830 356 2911 Ἐρατοσθένης.
383 2838 502 2894 Lucian.
523 2856 610 2894 macr.
631 2839 678 2893 26.
758 2842 776 2894 3
796 2840 967 2894 Xenocratis
985 2837 1023 2894 D.
1043 2837 1129 2914 Diog.

69 2917 107 2972 L.
121 2915 172 2982 IV,
187 2917 234 2974 15.
254 2916 325 2972 Luc.
339 2933 426 2970 macr.
447 2919 498 2971 20:
519 2905 681 2990 γενόμενος
701 2907 836 2989 τέσσαρα
856 2911 906 2970 καὶ
928 2907 1129 2988 ὀγδοήκοντα.

69 2993 90 3049 4
112 2990 213 3048 achad.
224 2991 307 3066 DRg.
366 2993 385 3048 7
404 3008 481 3048 novo
499 2990 545 3048 oet
567 2989 715 3048 Cleanthen
733 2994 784 3065 qai
802 2990 840 3048 nal
859 3007 966 3049 aarum
983 3009 1129 3068 nonagen-

69 3072 178 3124 aiormm
202 3085 258 3125 ooo
281 3069 351 3124 osta.
370 3073 438 3124 cent.
460 3067 537 3142 espl.
556 3067 669 3144 DRgIa.
702 3067 787 3134 Quae
813 3087 877 3124 cum
902 3078 1037 3146 corrupta
1063 3071 1128 3137 sint,

70 3155 100 3202 et
119 3146 221 3200 mirum
241 3143 384 3210 videatur,
408 3163 466 3200 non
485 3143 614 3202 additam
633 3163 698 3202 esse
720 3143 879 3202 Carneadis
904 3153 1041 3212 aetatem,
1068 3165 1127 3202 non

71 3221 199 3278 dubitavi
211 3220 284 3277 haee
298 3222 386 3276 verba
405 3221 455 3294 qui
466 3219 620 3278 stennon
631 3237 697 3278 oon.
717 3229 795 3278 trans
819 3239 915 3277 onere.
937 3219 1039 3277 Cicero
1051 3222 1126 3278 enim

71 3297 175 3374 (Acad.
195 3297 229 3364 ΙΙ,
242 3300 317 3365 6,16
338 3295 373 3352 el.
392 3295 491 3353 Valeo.
512 3297 590 3354 Max.
610 3294 769 3370 v111,7,5)
791 3241 974 3353 (harnestem
992 3295 1046 3350 XC
1073 3315 1125 3352 an-

69 3393 124 3430 nos
151 3373 312 3452 explevisse
339 3371 440 3440 tradit,
461 3371 544 3431 aliter
563 3389 596 3428 ac
616 3371 702 3446 Diog.
721 3371 756 3428 L.
770 3372 820 3438 IV,
830 3371 876 3428 65.
897 3370 1017 3426 Lusias.
1035 3389 1124 3427 macr.

70 3453 118 3507 20.
139 3451 182 3530 Ap
206 3459 268 3507 aret
291 3458 444 3528 praeterea
469 3447 579 3524 aliquid
605 3449 746 3506 excidisse
770 3447 848 3505 velut
872 3448 990 3504 accessit
1015 3455 1044 3504 et
1062 3447 1124 3504 sor-

69 3535 148 3585 tasse
169 3470 247 3584 aliud
268 3543 383 3602 quoque
403 3524 574 3600 exemplum.
638 3527 656 3582 8
678 3523 802 3582 Glaooth.
822 3523 893 3582 Luc.
913 3540 1001 3580 macr.
1022 3528 1069 3584 19.
1089 3526 1126 3580 At

69 3603 156 3678 Diog.
168 3605 202 3661 L.
217 3603 280 3670 VII,
291 3605 361 3660 176:
382 3593 573 3676 ὀγδοήκοντα
587 3592 638 3672 ξ’τη
655 3594 816 3674 βιώσαντα
837 3595 1018 3670 τελευτῆσαί
1034 3619 1124 3676 φασι.

70 3681 263 3756 exeaeptan.
274 3680 338 3737 DR.
358 3676 525 3738 Secundum
537 3677 656 3734 Luciam
668 3680 793 3736 macrob.
805 3682 843 3736 20
870 3677 1020 3754 Lxxxx!
1034 3698 1124 3736 annos

69 3757 148 3814 vixit.
168 3766 198 3813 at
217 3758 255 3816 of.
274 3756 360 3832 Diog.
381 3756 415 3812 L.
429 3754 536 3824 trote.
634 3760 671 3812 10
691 3759 821 3814 nomon.
848 3755 886 3812 cf.
905 3743 1042 3812 Mullach.
1062 3756 1123 3814 De-

69 3853 158 3890 mocr.
178 3833 289 3908 srgmm.
310 3854 340 3912 p.
351 3837 390 3892 20
400 3849 464 3907 sqq.
560 3834 655 3890 [socr.
680 3831 781 3889 Tzetz.
809 3829 925 3890 chiliad.
954 3838 981 3900 9,
991 3832 1048 3889 934
1058 3851 1123 3906 sqq.

67 3909 224 3969 lsocralem
243 3929 332 3988 supra
351 3918 464 3968 rentum
479 3927 571 3966 annos
583 3909 686 3966 vixisse
697 3917 827 3977 testatur,
838 3906 921 3966 Suid.
935 3927 958 3965 s.
970 3928 996 3965 v.
1014 3901 1123 3981 Ἰσοκρ.
1222 3949 1227 3960 .

68 4004 161 4044 arram
182 3986 262 4054 CVI,
288 3986 337 4043 alii
355 3986 468 4044 brevius
488 3987 564 4044 vitae
584 3985 710 4061 spatium
728 3984 858 4054 tradunt,
877 3983 953 4042 Plut.
976 4004 1000 4040 s.
1020 3985 1049 4044 X
1069 4003 1125 4041 orr.

91 4061 213 4120 som.
233 4061 305 4120 Luc.
324 4081 411 4121 macr.
431 4066 479 4122 23.
506 4061 570 4122 Cic.
591 4063 655 4122 Cat.
676 4080 714 4118 m.
735 4063 819 4128 5,1a.
918 4065 953 4120 11
977 4063 1067 4136 Gorg.
1088 4059 1126 4120 es.

68 4082 152 4198 loss.
175 4136 212 4197 de
237 4138 327 4214 Gorg.
348 4139 450 4201 Leont.
469 4144 558 4220 p.10t
626 4143 663 4198 16
682 4137 772 4215 adque
782 4137 819 4198 D.
