2896 4896
319 452 339 508 4
619 447 674 505 ’ΒΕ
694 446 759 504 DIE
779 445 926 504 NATALI
946 443 1030 503 CAP.
1042 445 1072 503 1.

320 632 395 676 non
418 609 545 675 utitur
566 617 695 690 recte,
716 592 844 674 mala.¹
869 605 969 697 Igitur
991 606 1142 697 quoniam
1160 605 1295 697 quisque
1312 621 1418 677 nont

320 732 439 816 quanto
461 721 555 813 plura
576 722 735 812 possidet,
756 719 815 788 sed
838 730 957 813 quanto
979 722 1132 812 pauciora
1155 728 1258 812 optat,
1286 731 1387 788 tanto

319 849 368 906 est
389 835 590 929 locupletior,
614 858 693 927 opes
716 835 772 902 tibi
792 837 825 904 in
848 837 955 902 animo
977 837 1148 919 maximae,
1171 844 1203 902 et
1224 857 1283 902 eae
1307 838 1387 928 qui-
1430 837 1431 866 ¹

318 954 392 1022 dem
424 975 508 1044 quae
535 972 601 1017 non
628 949 726 1018 modo
758 949 843 1018 bona
871 952 998 1040 generis
1020 949 1152 1017 humani
1172 949 1389 1040 praecedant,

293 1065 377 1136 ssed
394 1088 476 1157 quae
494 1065 535 1132 ad
550 1065 685 1136 deorum
700 1063 928 1130 immortalium
942 1065 1163 1132 aeternitatem
1174 1065 1301 1154 penitus
1321 1087 1382 1132 ac-

318 1180 442 1249 cedant.
486 1174 573 1270 quod
596 1181 681 1246 enim
691 1177 877 1270 Xenophon
890 1177 1074 1246 Socraticus
1088 1177 1173 1260 dicit,
1184 1177 1261 1245 nihil
1276 1203 1380 1270 egere

317 1305 367 1364 est
382 1296 527 1378 deorum,
540 1315 637 1386 quam
648 1283 788 1360 minime
797 1303 905 1360 autern
917 1295 1102 1384 proximum
1117 1316 1136 1360 a
1151 1292 1227 1361 deis.
1262 1293 1378 1379 Quare
1391 1309 1408 1363 ⁵

316 1434 392 1480 cum
414 1409 499 1478 dona
520 1409 661 1502 pretiosa
686 1432 794 1502 neque
815 1407 872 1475 tibi
893 1431 952 1499 per
974 1409 1070 1474 animi
1096 1409 1247 1476 virtutem
1268 1407 1380 1476 desint

315 1550 378 1595 nec
399 1523 476 1597 mihi
498 1545 557 1615 per
578 1523 625 1588 rei
647 1525 835 1590 tenuitatem
857 1523 1032 1614 supersint,
1061 1522 1288 1614 quodcumque
1309 1521 1377 1590 hoc

280 1666 307 1704 ro
318 1641 390 1710 libri
411 1648 461 1708 est
481 1632 561 1704 meis
584 1637 698 1726 opibus
720 1647 932 1729 conparatum
954 1635 1093 1704 natalicii
1114 1637 1205 1704 titulo
1224 1638 1375 1707 tibimisi.

314 1750 350 1822 ln
371 1776 436 1844 quo
458 1773 543 1833 non,
570 1761 606 1818 ut
632 1749 796 1844 plerisque
823 1774 894 1819 mos
919 1763 983 1836 est,
1011 1753 1129 1820 autad
1152 1751 1259 1819 ethica
1282 1761 1404 1843 parteo

311 1866 537 1960 philosophiae
558 1858 733 1959 praecepta
754 1865 795 1932 ad
817 1865 911 1961 beate
930 1868 1114 1953 vivendum,
1127 1890 1209 1959 quae
1225 1863 1280 1933 tibi
1296 1869 1375 1934 scri-

313 1984 434 2072 berem,
447 1992 620 2051 mutuatus
643 2005 728 2064 sum,
742 1989 798 2047 aut
817 1974 1179 2050 e'x'artibus‘rhetorum
1195 1979 1286 2048 locos
1304 1981 1376 2050 lau-

178 2097 190 2106 '
317 2099 408 2164 dibus
431 2098 492 2163 tuis
515 2097 715 2170 celebrandis
742 2104 932 2186 persecutus
960 2097 1019 2184 (ad
1045 2097 1078 2164 id
1107 2097 1192 2164 enim
1218 2097 1375 2163 virtutum

276 2212 460 2278 nomnium
475 2211 643 2300 ¹fastigium
666 2214 848 2306 ascendisti,
868 2223 905 2280 ut
927 2221 1044 2281 cuncta
1061 2211 1132 2295 ista,
1155 2233 1238 2303 quae
1251 2209 1304 2279 vel
1321 2235 1375 2278 sa·

310 2329 439 2422 pienter
467 2335 639 2392 monentur
665 2325 720 2394 vel
746 2311 884 2395 facunde
911 2325 1152 2420 praedicantur,
1179 2327 1247 2392 vita
1275 2329 1375 2394 mon'-

280 2505 282 2510 ,
312 2442 439 2532 busque
460 2441 690 2534 superaveris),
708 2439 766 2508 sed
782 2463 824 2506 ex
838 2439 1009 2532 philologis
1026 2441 1261 2508 commentariis
1277 2464 1375 2534 quas-

313 2553 389 2622 dam
400 2537 658 2646 quaestiunctdas
674 2549 788 2646 delegi,
802 2577 885 2646 quae
900 2564 1075 2646 congestae
1087 2557 1210 2646 possint
1225 2553 1375 2646 ahquan-

311 2679 381 2738 tum
409 2665 563 2738 volumen
591 2665 727 2738 efficere.
777 2663 876 2763 ldque
904 2693 923 2737 a
950 2693 1003 2737 me
1031 2667 1169 2738 docendi
1190 2671 1296 2738 studio
1317 2671 1399 2739 velt

310 2857 468 2934 Squidem
487 2876 542 2916 ont.
625 2863 757 2938 ltneque
837 2865 872 2922 11
895 2870 945 2918 aut
965 2879 1002 2920 ex
1022 2859 1118 2920 ethica
1182 2863 1219 2920 15
1240 2861 1296 2919 ista
1315 2879 1373 2919 om.

311 2938 349 2996 19
368 2933 415 2993 rel
434 2933 559 2992 docendi

311 3101 327 3156 1
349 3096 480 3173 quontom
500 3113 556 3154 om.
576 3115 600 3154 r.
691 3101 710 3156 3
729 3098 924 3176 moctmeDg,
944 3102 1070 3158 monaco
1090 3099 1110 3156 l.
1195 3115 1228 3156 eo
1247 3095 1324 3172 qued.
1344 3095 1372 3154 R

312 3172 410 3250 (eraso
423 3171 451 3246 c)
465 3171 519 3248 glr.
577 3173 597 3232 4
610 3173 759 3250 possedeat
772 3175 791 3243 l,
802 3177 963 3253 postcodont
975 3195 1018 3233 ms
1029 3175 1103 3233 Alm.
1162 3178 1181 3240 5
1194 3177 1322 3252 poenites
1332 3173 1371 3230 D.

310 3254 329 3308 6
349 3248 422 3327 quod
436 3253 521 3308 utam
542 3249 697 3308 Cauchius.
721 3249 768 3308 Cf.
781 3251 895 3310 Seneca
905 3253 1019 3331 apocal.
1032 3253 1127 3331 puto
1138 3251 1185 3310 ed.
1200 3251 1267 3327 Bip.
1290 3250 1372 3322 Quod

306 3325 361 3386 ott
379 3345 481 3398 norro,
508 3327 547 3384 ud
565 3331 642 3386 XVI
659 3325 818 3402 lapidothe
841 3331 950 3388 Vtram
970 3337 1060 3390 nator
1078 3335 1130 3386 ort.
1164 3327 1249 3388 Orid.
1271 3344 1329 3386 am.
1350 3327 1372 3393 1,

308 3407 338 3471 6,
347 3408 439 3479 23sq.
460 3403 609 3462 Mudcker.
631 3404 670 3461 ad
689 3404 823 3481 Fulgent.
843 3405 929 3483 pat.
987 3406 1061 3464 discit
1073 3423 1101 3480 g.
1124 3405 1172 3464 Cf.
1189 3405 1264 3462 Xeu.
1284 3421 1372 3467 mem.

309 3479 331 3546 Ι,
347 3482 432 3546 6,10.
452 3479 539 3554 Diog.
555 3481 591 3538 L.
610 3481 659 3549 vt,
674 3485 739 3540 105.
816 3487 875 3541 7o
892 3499 948 3540 om.
963 3483 992 3557 gl
1003 3483 1130 3542 msAhn.
1195 3479 1250 3538 dtis
1268 3478 1306 3536 D.

309 3559 433 3613 &ouum
450 3557 515 3613 atet.
537 3558 611 3615 coni.
632 3557 732 3615 Barth.
753 3558 772 3615 l.
793 3559 812 3617 l.
878 3563 1002 3634 ltneque
1018 3559 1058 3617 R.
1135 3563 1174 3618 10
1192 3555 1321 3633 matter
1340 3575 1370 3632 g.

1174 3644 1190 3672 ss

309 3682 345 3738 11
363 3671 419 3736 'out
437 3677 537 3738 catrico
546 3687 636 3814 ¹purte
656 3681 691 3756 (a
710 3681 778 3738 add.
791 3679 891 3756 a2m.)
904 3681 942 3751 D,
962 3665 1012 3740 ortt
1024 3681 1069 3742 hic
1087 3689 1188 3760 oporto
1205 3684 1241 3754 tt,
1261 3685 1370 3744 aarttc

308 3761 404 3832 oporto
413 3773 455 3832 gr,
476 3763 528 3813 aut
555 3759 591 3814 tto
609 3762 674 3832 apte
693 3776 736 3813 ms
747 3757 834 3826 Alm,
855 3765 906 3816 aot
924 3759 968 3817 hio
987 3765 1102 3835 opertae
1120 3760 1140 3818 l.
1161 3768 1211 3818 out
1230 3779 1266 3819 oa
1279 3761 1370 3821 ethico

306 3839 390 3910 porto
407 3851 463 3891 em.
483 3831 609 3899 Manat,
634 3831 749 3890 Medius
769 3844 884 3892 norant.
910 3836 989 3896 lectt.
1015 3840 1126 3914 ep.67‚
1151 3837 1173 3896 l.
1196 3838 1370 3898 Guilielraus

308 3908 493 3976 verisnam,
507 3911 535 3967 5.
580 3913 618 3968 13
631 3916 756 3968 mutatos
767 3929 796 3989 g.
836 3911 914 3972 locut
923 3913 961 3972 D.
1008 3915 1045 3972 14
1054 3921 1216 3990 prosecutos
1229 3913 1369 3973 lmsAlm.

308 3989 344 4047 15
363 3990 422 4044 teto
433 4003 490 4043 orn.
501 3985 538 4044 R.
604 3989 640 4044 16
653 3993 778 4046 nautor
788 3988 826 4046 D.
890 3989 1072 4062 familiariter
1080 3989 1281 4066 praedicantur
1293 3991 1368 4068 gtra.

305 4062 448 4134 facundus
464 4063 503 4120 D.
551 4065 600 4122 Ι17
618 4061 713 4140 ptattot.
735 4064 773 4123 cs.
793 4065 886 4126 Lehrs
908 4066 946 4125 de
965 4083 1045 4124 roeo.
1067 4057 1243 4145 φιλόλογος,
1263 4086 1367 4146 γραμ-
1430 4113 1431 4128 .

305 4133 454 4212 ματικός,
471 4132 619 4214 «detrude.
642 4139 754 4215 Regim.
773 4145 850 4201 1838
869 4161 900 4220 p.
915 4142 944 4200 4.
976 4141 1061 4203 Adde
1081 4143 1192 4203 Vitruv.
1212 4145 1262 4216 Vl,
1279 4163 1325 4224 pr.
1336 4146 1367 4205 4.

306 4215 395 4284 v1,7‚
408 4219 435 4272 7.
458 4217 532 4287 Vlll,
547 4220 574 4286 3,
587 4218 634 4274 25.
655 4216 704 4285 ΙΧ,
718 4235 761 4293 pr.
777 4221 823 4276 17.
884 4222 921 4276 18
942 4219 1149 4296 aliquantolum
1167 4239 1225 4298 gra.
