2896 4896
296 439 378 480 xxrv
688 413 998 477 PROLEGOMENA.

294 584 484 681 pleniorem
514 605 699 658 recensum
726 581 825 672 dedi,
861 591 898 653 ut
925 581 970 652 de
996 599 1114 652 eorum
1146 576 1262 651 indole
1293 576 1362 648 iu-

295 709 360 784 cile
385 711 544 783 indicium
570 710 655 784 ferri
682 721 822 807 posset,
855 717 977 803 postea
1009 707 1192 801 pauciores
1224 714 1360 776 tontum

294 840 571 916 commemoravi.
610 838 729 933 itoqtre
754 835 920 909 dehisce
946 858 967 906 e
994 833 1128 907 silentio
1153 829 1235 902 nihil
1261 853 1360 903 con·

295 963 384 1036 cludi
408 974 533 1058 potest.
586 963 723 1036 Deinde
750 960 1023 1036 emendationum
1049 969 1208 1032 auctores
1235 959 1359 1030 nomi-

295 1091 396 1180 navi,
429 1100 464 1163 et
490 1090 575 1164 ulios
600 1111 733 1186 quoque
759 1112 779 1163 u
805 1090 890 1162 viris
919 1086 1026 1160 doctis
1052 1084 1201 1180 prolutas
1228 1087 1358 1157 conie-

298 1225 412 1288 otnros
439 1239 485 1289 ex
510 1237 607 1288 more
632 1215 745 1306 attuli,
778 1236 891 1309 neque
924 1223 1038 1292 tumen
1069 1214 1105 1284 in
1139 1211 1357 1286 confutandis

296 1341 468 1414 inutilibus
495 1341 554 1414 vel
578 1343 613 1414 in
635 1341 912 1416 commendandis
930 1342 985 1430 iis,
1009 1359 1093 1434 quos
1112 1361 1218 1412 veros
1240 1335 1358 1429 habui,

297 1471 374 1544 sive
398 1491 421 1540 u
445 1491 501 1540 me
528 1471 604 1542 sive
630 1468 673 1541 ub
699 1467 765 1541 ulio
791 1465 971 1563 proiectae
997 1475 1088 1555 sunt,
1114 1469 1184 1538 otio
1205 1463 1358 1537 abuten-

298 1595 377 1667 dum
402 1598 530 1690 putavi
557 1617 633 1666 curn
658 1596 857 1690 plerumque
881 1615 939 1666 res
963 1601 1081 1689 aperto
1103 1594 1146 1664 sit
1166 1613 1279 1686 neque
1294 1593 1357 1662 in-
1409 1633 1412 1642 ·

297 1729 450 1816 terprete
480 1731 591 1812 egeat.
644 1721 766 1816 Neque
797 1743 884 1793 voro
917 1739 1030 1792 meum
1063 1739 1143 1792 esse
1175 1716 1357 1792 arbitratus

295 1867 385 1936 suni,
407 1867 479 1936 res,
499 1845 681 1940 dequibus
701 1849 773 1938 ogit
794 1843 1021 1936 censorinus,
1046 1845 1234 1940 explicare,
1253 1866 1358 1917 com-

298 1972 400 2046 modo
426 1974 539 2068 potius
564 1971 703 2046 lectoris
731 1970 938 2046 satisfactum
966 1993 1048 2045 esso
1076 1972 1175 2062 turi,
1213 1974 1242 2046 si
1267 1970 1358 2044 hre-

297 2101 388 2172 viter
414 2098 647 2190 adnotassem,
672 2098 765 2171 unde
785 2099 975 2172 uocumtior
994 2092 1112 2170 notitia
1134 2101 1204 2194 peti
1227 2107 1359 2194 posset.

297 2226 456 2320 Denique
481 2224 629 2315 indicem
653 2226 766 2299 addidi
791 2248 861 2300 non
886 2226 1036 2298 omnium
1061 2225 1196 2320 quidem
1221 2223 1360 2296 verbo-

299 2374 395 2442 rum,
422 2372 487 2445 quo
512 2351 548 2421 in
564 2349 630 2420 Ltnli
657 2354 825 2447 scriptore
850 2353 913 2425 vix
939 2373 1025 2446 opus
1050 2373 1129 2425 esse
1163 2350 1358 2441 videbatur,

302 2477 365 2550 sed
392 2478 448 2573 qui
473 2477 622 2548 maxime
647 2480 845 2552 necessario
872 2476 1166 2573 complecteretur.
1293 2521 1296 2528 ·
