2896 4896
458 431 770 493 PROLuGOMENA.
1090 454 1152 496 xlx

91 595 188 689 144,
213 595 415 670 chartaceus
441 595 553 670 forma
578 597 741 692 quadrata
765 596 882 672 seculo
906 597 974 672 XV
993 601 1151 696 scriptus,

89 727 188 798 cuius
223 725 340 798 varias
370 722 538 796 lectiones
580 723 837 798 accuratissime
870 745 896 795 a.
925 743 964 798 se
997 736 1152 802 cronos

87 866 225 926 mecum
253 849 514 922 communicavit
539 848 663 922 biaur.
690 848 916 946 Hauptius.

168 975 306 1050 Codicis
331 977 366 1049 in
391 973 595 1050 bibliotheca
614 971 824 1050 Leidensi
849 976 940 1054 iuter
962 975 1153 1054 Vossicuos

88 1101 272 1178 historicos
298 1101 431 1176 formae
458 1100 769 1196 pacauerat
800 1103 948 1192 servati,
973 1124 993 1173 a
1019 1105 1153 1176 receuti

89 1250 192 1302 manu
229 1229 365 1324 scripti‚
397 1226 566 1303 lectiones
596 1230 633 1302 in
668 1226 820 1302 editione
850 1225 1152 1326 Haverkampiaua

90 1355 204 1430 editoe
232 1362 319 1428 sunt.
370 1353 528 1426 Eundem
555 1375 635 1428 esse
661 1356 836 1450 suspicor,
862 1357 958 1432 cuius
984 1355 1151 1432 lectiones

88 1483 236 1576 margini
263 1481 422 1558 editionis
445 1481 637 1576 adscriptae
664 1489 754 1572 suut,
777 1501 865 1576 quae
884 1503 931 1557 ex
947 1480 1152 1554 bibliotheca

87 1607 356 1683 Udcubecbiaua
383 1608 438 1698 (v.
463 1604 543 1679 bibl.
572 1605 705 1679 Udenb.
729 1606 780 1680 111
805 1629 838 1702 p.
853 1605 903 1680 36
927 1625 961 1678 n.
983 1605 1079 1698 233)
1114 1609 1151 1677 in

88 1733 339 1808 Dorvibienam
364 1735 534 1830 pervenit.
593 1732 680 1804 Nam
712 1733 886 1828 utriusque
917 1732 1046 1806 codicis
1070 1732 1151 1806 lec-

90 1863 204 1934 tiones
230 1861 431 1956 saepissima
455 1861 545 1931 inter
570 1881 610 1932 se
636 1862 851 1955 conspirare
871 1858 929 1931 ubi
953 1859 1152 1953 discrepare

88 1986 269 2078 videntur,
295 1986 494 2083 plerumque
520 1984 656 2079 quidem
682 2008 730 2058 ex
755 1984 865 2056 altero
888 1983 1057 2058 lectiones
1083 1984 1152 2056 ed·-

89 2113 267 2205 ieruutur‚
299 2113 343 2186 de
377 2111 485 2184 altero
507 2119 657 2199 tacetur,
690 2119 726 2180 ut
751 2107 788 2180 fit
813 2112 849 2180 in
875 2107 1050 2184 codicibus
1081 2133 1151 2186 nou

89 2248 251 2314 accurate
277 2239 440 2326 conlatis3
466 2257 535 2308 noo
560 2237 626 2308 nisi
651 2236 825 2310 rarissime
853 2259 900 2310 ex
915 2246 1068 2331 utroque
1092 2237 1152 2313 di·

89 2381 196 2442 versa
221 2365 324 2440 lectio
352 2371 488 2436 enotata
515 2371 584 2451 est,
617 2362 672 2456 qui
705 2384 805 2436 error
837 2385 922 2436 sanc
949 2362 1059 2442 facins
1087 2373 1150 2436 est.

89 2490 213 2563 Eidem
240 2490 381 2570 editioni
405 2465 654 2562 lan'ssonius
684 2486 732 2559 ab
752 2487 1043 2564 Almelovccu
1071 2490 1151 2564 lec·

89 2620 202 2690 tiones
233 2631 361 2712 paucas
394 2615 522 2688 codicis
556 2612 751 2703 cuiusdam,
790 2623 859 2686 tum
895 2633 974 2689 suas
1009 2626 1045 2690 ct
1077 2611 1150 2690 Io-'
1171 2635 1181 2655 ··

91 2741 216 2838 saphi
238 2741 459 2834 scaligeri
484 2740 701 2811 coniecturas
723 2740 885 2834 quasdam
900 2740 1081 2837 adscripsit
1094 2741 1151 2836 1).

91 2870 189 2942 Haec
220 2869 333 2944 omnia
365 2867 585 2960 transscripta
616 2867 753 2939 suntin
781 2867 958 2963 exemplar
992 2869 1149 2943 editionis

91 2994 412 3088 Liudcnbrogiauac
430 2992 617 3083 secundae,
641 2993 730 3086 quod
754 2995 790 3066 iu
808 2992 1012 3069 bibliotheca
1027 2997 1150 3070 Ham-

91 3123 295 3214 burgensi
318 3129 441 3210 exstat,
463 3121 559 3194 cuius
582 3141 679 3192 usum
700 3119 972 3198 Christianus
994 3124 1151 3196 Pater-

93 3272 169 3324 scn
201 3247 282 3320 mibi
317 3248 499 3321 concessit.
566 3245 734 3340 Scabgeri
770 3249 1029 3322 emendationes
1063 3249 1150 3324 des-

93 3377 208 3472 cripsit
229 3373 271 3448 G.
289 3377 316 3448 I.
335 3375 494 3465 Vossius,
520 3374 616 3446 euius
643 3369 822 3465 exemplar
837 3371 1043 3445 bibbotbcca
1063 3374 1150 3448 Lei-

94 3501 207 3576 deusis
234 3497 349 3590 habet,
375 3520 410 3572 v.
431 3500 614 3570 Burmann.
640 3496 685 3568 ad
704 3495 834 3570 Valesii
858 3497 991 3572 emend.
1010 3523 1043 3596 p.
1062 3501 1150 3594 118,

95 3629 134 3702 cl.
160 3630 322 3722 Rutgcrs.
345 3623 437 3698 lectt.
465 3624 595 3698 Venus.
624 3647 653 3698 c.
669 3622 704 3696 3.

170 3753 332 3829 Codicem
347 3754 581 3828 Vatieauaa
604 3749 832 3826 bibbotbecae
852 3775 885 3826 o.
902 3754 1016 3846 4498,
1038 3777 1150 3828 mem-

94 3883 319 3972 branaceum,
353 3905 424 3956 sec.
446 3881 532 3954 Xlll
558 3888 615 3951 aurt
639 3879 738 3971 XIV,
772 3879 898 3954 contuli
929 3891 1089 3956 accurate
1115 3883 1150 3952 in

133 4078 159 4154 *)
185 4079 319 4138 Fortasse
344 4100 381 4138 ex
404 4081 460 4138 hac
485 4079 610 4138 editione
638 4081 729 4158 petita
762 4091 827 4137 sunt
854 4089 991 4157 excerpta
1015 4079 1152 4140 librorum

172 4155 352 4232 scriptorum,
373 4173 447 4230 quoe
467 4156 734 4231 Wesseliugius
753 4156 855 4214 babuit
874 4158 964 4229 (obss.
986 4155 1020 4223 lt,
1034 4153 1096 4230 13).
