2896 4896
289 431 328 487 28
585 430 638 488 DE
657 430 723 488 DlE
742 431 889 491 NATALI
910 432 993 493 CAP.
1005 437 1051 492 11.

289 591 378 681 mnu
400 589 510 658 diebus
527 591 631 658 inlans
654 589 866 675 membratur,
887 593 935 660 ita
952 591 1006 662 hic
1026 615 1085 684 pro
1107 595 1262 685 portione
1273 595 1353 664 die-

289 706 349 774 bue
371 707 438 774 fere
456 705 675 796 qradraginta.
711 706 822 791 Quare
837 707 872 775 in
890 707 1027 776 Graecia
1044 707 1113 776 dieo
1128 706 1352 801 habentque·

289 821 486 910 dragesimos
506 819 658 910 moignes.
694 838 834 910 namque
853 839 1037 912 praegnans
1057 831 1133 892 ante
1155 821 1243 890 diem
1261 845 1350 916 qua-

288 933 504 1024 dragesimum
524 954 592 1002 nou
612 933 758 1024 procedit
777 935 811 1002 in
832 935 952 1018 lenoni,
976 945 1009 1004 et
1029 946 1104 1027 po'et
1123 946 1350 1028 partum-qua-

263 1047 437 1139 ⁵draginta
458 1047 570 1116 dicbus
590 1048 764 1140 pleraeque
785 1049 870 1116 letae
892 1052 1056 1139 graviores
1078 1061 1153 1122 sunt
1180 1073 1242 1119 nec
1268 1073 1349 1118 san·

286 1163 418 1252 guinem
438 1163 606 1232 interdum·
621 1166 795 1245 continent,
814 1172 847 1232 et
867 1164 995 1254 parvuli
1014 1167 1116 1234 ferme
1135 1187 1194 1254 per
1209 1163 1270 1232 hoe
1293 1165 1351 1232 iu-

285 1277 381 1358 lirmi,
402 1276 548 1360 morbidi,
565 1278 634 1345 eine
651 1279 717 1347 risu
734 1301 797 1346 nec
811 1278 882 1346 sine
897 1277 1041 1369 periculo
1056 1289 1143 1350 sunt.
1183 1278 1230 1346 ob
1246 1301 1349 1370 qiuam

285 1413 435 1475 canuam,
457 1415 533 1460 cum
553 1394 580 1460 is
604 1393 672 1460 tlies
690 1393 871 1484 praeteriit,
901 1393 1125 1464 diem-loetum
1146 1392 1253 1462 eoleut
1273 1395 1346 1484 agi-

264 1558 268 1567 .
286 1515 372 1588 tare,
392 1507 481 1598 quod
500 1517 629 1599 tempus
650 1507 814 1599 appellant
834 1499 1140 1596 aeboepeaooeoioo.
1182 1507 1226 1575 Hi
1245 1510 1376 1598 igitan

248 1640 276 1681 ¹⁰
289 1623 356 1692 dios
377 1623 593 1713 quodraginta
621 1645 680 1713 per
710 1632 836 1712 septeni
867 1622 940 1690 illos
973 1622 1109 1693 initiales
1141 1621 1346 1713 multiplicati

283 1733 364 1803 liunt
385 1735 452 1804 dies
476 1735 607 1808 ducenti
628 1737 806 1826 octoginta,
833 1736 938 1805 idest
963 1735 1182 1808 hebdomades
1204 1737 1345 1828 quadra-

283 1848 468 1938 ginrmeed
491 1849 642 1940 quoniam
662 1849 794 1918 ultimae
814 1850 897 1918 illiue
919 1850 1129 1924 hebdomadis
1155 1852 1343 1942 primodie

283 1962 387 2030 editur
407 1973 545 2054 partus,
561 1988 622 2032 aex
645 1965 719 2034 dies
750 1965 911 2034 decedunt
932 1975 965 2035 et
984 1966 1247 2035 ducentenahnus
1264 1989 1342 2057 sep-

282 2082 502 2171 tuagensimus
524 2082 876 2172 quartueobservatur.
919 2081 974 2172 qui
988 2100 1142 2151 numerus
1161 2080 1343 2156 diernmad

244 2210 271 2250 1⁵
284 2204 489 2285 tetragonum
503 2193 594 2264 illum
612 2193 851 2264 Chaldaeorum
867 2205 1077 2286 conspectum
1091 2194 1247 2265 subtiliter
1259 2219 1340 2272 con-

280 2309 378 2400 gruit:
406 2331 482 2376 nam
511 2331 587 2376 cum
612 2310 800 2399 signiferum
827 2310 938 2378 orbem
964 2309 1076 2380 diebus
1098 2307 1282 2380 CCCLXV
1303 2321 1369 2379 eto

279 2423 402 2515 aliquot
426 2422 514 2492 horis
543 2423 594 2490 sol
621 2423 814 2506 circumeat,
848 2434 962 2514 quarta
999 2444 1136 2492 necesse
1164 2433 1213 2492 est
1242 2435 1339 2514 parte

279 2538 424 2630 dempta,
444 2539 478 2606 id
501 2547 550 2606 est
577 2537 689 2605 diebus
711 2536 908 2609 LXXXXI
928 2537 1113 2630 aliquotque
1140 2537 1240 2618 horis,
1268 2547 1340 2606 tres

280 2654 419 2748 qitodras
441 2653 571 2746 reliquis
586 2652 710 2720 'diebus
733 2652 941 2722 CCLXXllll
960 2676 1027 2720 non
1046 2651 1149 2743 plenis
1169 2663 1341 2742 percurrat

242 2789 387 2861 eousque
414 2771 493 2838 dum
518 2769 686 2861 perveniat
702 2768 755 2838 ⁴ad
775 2769 809 2838 id
833 2768 896 2838 loci
924 2767 1010 2836 unde
1036 2767 1254 2857 conceptionis
1275 2767 1338 2834 ini-

264 2885 356 2964 ¹tium
379 2883 552 2978 quadratus
571 2884 712 2972 aspiciat
755 2883 851 2956 Unde
866 2893 976 2952 autem
993 2905 1085 2951 meus
1103 2881 1247 2950 humana
1265 2881 1335 2950 dies
1351 2901 1386 2954 10

275 3089 412 3169 lprodit
488 3088 578 3146 (lhos
599 3087 661 3146 dies
718 3087 820 3146 infinni
840 3107 895 3148 om.
954 3091 1129 3170 8praeterit
1181 3095 1335 3149 boecou-

276 3161 428 3246 ρακοστόν
506 3172 543 3226 19
565 3165 693 3224 ducentis
714 3166 1041 3245 septuagintaquinque

275 3362 289 3416 1
316 3375 368 3434 pro
392 3358 542 3435 portttioae
565 3352 609 3421 D,
633 3356 812 3431 proportione
835 3361 878 3412 eet
900 3355 924 3423 l,
950 3355 1095 3431 proportio
1119 3361 1162 3411 eat
1185 3374 1213 3430 g.

273 3433 431 3509 opererio
448 3433 485 3489 D.
549 3429 627 3506 5pl.
646 3429 705 3503 fere
723 3431 759 3488 R.
778 3430 834 3504 feta
872 3471 879 3488 .
942 3430 1091 3507 bparooli
1109 3431 1146 3487 D.
1210 3449 1260 3506 per
1278 3431 1332 3489 hoe

272 3509 332 3583 fere
349 3527 386 3565 m.
406 3509 443 3576 D,
462 3524 511 3584 per
530 3525 562 3565 oe
581 3506 640 3578 [ere
658 3525 695 3564 ru.
715 3507 734 3575 l,
755 3525 783 3584 p.
802 3448 980 3579 infirmem.
999 3506 1035 3575 R,
1055 3507 1131 3565 unde
1151 3525 1201 3582 per
1218 3507 1332 3565 boeiu-

271 3583 347 3658 pinot
365 3582 450 3642 morb.
471 3603 543 3640 corr.
563 3583 739 3640 Lachmann.
836 3588 855 3642 7
874 3581 1075 3642 morbldicclme
1091 3587 1153 3658 riou
1171 3602 1203 3660 g,
1223 3583 1334 3642 morbis

272 3659 404 3718 couniti
423 3659 442 3716 l.
464 3659 511 3718 Cf.
531 3659 591 3716 Iob.
611 3659 686 3734 Lyd.
708 3658 744 3717 de
763 3679 854 3718 mena.
874 3659 925 3726 IV,
933 3664 969 3720 21
990 3679 1020 3737 p.
1032 3662 1079 3720 69.
1157 3665 1176 3718 8
1194 3664 1335 3735 praeterit

271 3737 354 3812 DRg,
373 3739 519 3811 praetorto
529 3737 549 3792 l.
597 3733 964 3813 opilare..qood(rae.),D.
1011 3743 1282 3808 llecceaanocneuu
1291 3737 1333 3806 D,

272 3829 531 3872 reccceanocnenu
549 3812 590 3880 R,
616 3827 878 3887 τεσσερακοστεπη
894 3832 922 3890 g.
952 3816 1227 3886 τεσσερακοσταῐον
1253 3832 1330 3872 corr.

271 3890 447 3948 Laelnnann.
525 3889 579 3946 litt
597 3886 633 3944 D.
717 3892 752 3948 11
770 3889 896 3949 duocenti
913 3891 952 3948 D.
1030 3894 1067 3948 12
1086 3884 1272 3948 hebdomadae
1290 3890 1330 3959 D,

270 3965 436 4026 ebdomadae
454 3965 491 4023 R.
550 3968 587 4023 13
607 3963 742 4023 ducentes.
763 3973 920 4042 seprhoopce.
940 3973 1042 4044 perlue
1061 3968 1098 4024 R.
1154 3969 1190 4024 16
1211 3965 1269 4024 dieo
1289 3967 1329 4026 D.

271 4048 308 4103 18
328 4046 452 4102 LXXII
468 4041 557 4118 DRg,
585 4044 707 4100 LXXII
725 4049 752 4100 el
769 4061 825 4101 uno
845 4043 864 4100 l.
973 4043 1140 4119 aliquodque
1158 4042 1195 4100 D.

271 4123 307 4177 17
331 4120 531 4179 couxxtm
538 4119 633 4195 DRgl.
693 4124 729 4179 19
749 4119 849 4196 quadr.
870 4119 907 4178 cs.
921 4121 1044 4178 Tertull.
1058 4121 1123 4179 aclv.
1136 4120 1226 4180 Marc.
1240 4118 1327 4186 t,18:

269 4196 413 4252 Saturnus
432 4195 590 4271 quadratae
608 4201 660 4254 out
679 4199 765 4254 Mare
784 4199 920 4270 tripootu.
1140 4239 1142 4246 ·
