2852 4892
265 449 303 506 46
556 440 608 500 ΠΕ
627 440 692 499 DlE
712 439 859 499 NATALI
881 441 964 500 CAP.
980 445 1027 501 17.

266 624 406 696 campo
436 603 579 672 Martio
609 602 762 669 fierent
790 601 919 670 trihus
941 602 1150 683 noctibus,
1172 611 1212 670 et
1233 601 1324 670 hos·

266 723 347 789 tiae
378 720 525 786 furvae
553 715 877 800 immolarentur,
905 717 1045 808 utique
1071 716 1159 784 ludi
1185 726 1324 785 cente-

266 838 366 904 simo
400 856 559 925 quoque
593 853 696 898 anno
727 832 888 898 fierent.
939 830 1021 898 Item
1048 831 1086 898 T.
1108 829 1220 900 Livius
1242 831 1354 908 libror)

266 947 460 1021 CXXXVI:
482 947 630 1016 Eodem
652 969 755 1014 anno
777 945 898 1012 ludos
919 947 1153 1014 saeculares
1171 945 1323 1016 Cacsar

240 1067 426 1157 singcnti
449 1065 642 1152 adparatu
664 1063 779 1144 lecit,
798 1084 894 1152 quoa
916 1063 1324 1153 centesimo-quoque

263 1205 362 1249 anno
386 1183 437 1266 (is
461 1179 567 1244 enirn
588 1175 790 1246 terminata
811 1176 988 1261 saeculi)
1011 1177 1325 1246 lierimos.**ut

262 1305 375 1365 contra
402 1294 528 1360 decimo
556 1293 799 1383 centesimoque
827 1313 912 1358 anno
934 1301 1123 1382 repetantur
1142 1302 1209 1359 tam
1232 1315 1323 1360 com-

261 1411 409 1480 mentarii
430 1408 497 1478 XV
518 1410 662 1475 virorum
685 1429 782 1498 qrram
804 1404 847 1474 D.
869 1407 1007 1497 Augusti
1029 1407 1134 1475 edictu
1152 1409 1265 1474 testari
1276 1410 1324 1474 vi-

265 1528 389 1608 dentur,
413 1525 494 1592 adeo
516 1533 552 1590 ut
572 1523 725 1592 Horatius
747 1522 883 1590 Flaccus
913 1523 946 1594 in
977 1523 1119 1589 carmine
1142 1523 1229 1613 quod
1251 1547 1323 1591 sae-

226 1679 253 1718 ra
265 1641 425 1709 sularibus
447 1638 530 1706 ludis
553 1645 717 1704 cantatum
739 1637 842 1704 estid
863 1646 991 1727 tempus
1011 1636 1074 1704 hoc
1096 1636 1193 1704 modo
1217 1635 1324 1726 desig·

261 1755 405 1821 naverit:
438 1751 582 1819 Certus
613 1751 798 1818 undenos
831 1751 967 1818 decies
996 1775 1069 1843 per
1098 1775 1223 1818 annos
1256 1753 1324 1819 Or·

264 1871 323 1936 tis
353 1876 393 1934 ut
424 1876 564 1934 cantus
594 1867 827 1955 referatque
855 1863 974 1934 ludos
1013 1869 1091 1935 Ter
1119 1867 1181 1934 die
1212 1867 1322 1934 clara

262 1985 501 2072 totiensque
529 1991 648 2073 grata
675 1981 808 2051 Nocte
838 1983 1088 2070 frequentes.
1143 1983 1236 2068 Quae
1257 1981 1369 2060 dis-10

262 2100 369 2166 'sensio
391 2107 584 2187 temporum,
607 2099 634 2164 si
655 2106 803 2164 veterum
824 2095 1033 2162 revolvantur
1053 2096 1204 2180 annales,
1223 2096 1322 2186 longe

145 2266 148 2274 .
237 2214 367 2303 smagis
388 2212 421 2278 in
442 2213 565 2278 incerto
588 2212 779 2278 invenietur.
827 2210 953 2278 Primos
983 2213 1068 2278 enim
1089 2211 1183 2280 ludos
1206 2235 1321 2282 saecu·
1350 2245 1352 2250 ·

261 2409 277 2462 1
300 2402 390 2464 trihus
411 2402 541 2458 noctibus
563 2418 619 2460 ona.
697 2404 725 2458 6.
746 2404 765 2460 7
784 2399 820 2458 At
840 2411 939 2460 contra
960 2411 990 2458 ut
1009 2402 1073 2460 dec.
1159 2409 1206 2464 13.
1228 2404 1265 2462 14
1284 2407 1320 2461 At

260 2479 336 2536 enim
355 2487 515 2556 temporum

261 2640 347 2700 Orid.
367 2639 434 2697 fast.
455 2659 486 2718 p.
499 2639 628 2696 CXLVI.
718 2644 733 2698 1
755 2639 849 2702 trihus
869 2637 1000 2698 noctibas
1018 2641 1131 2718 magra,
1152 2643 1231 2718 quod
1251 2643 1321 2700 addi

260 2718 343 2774 iussit
361 2717 535 2791 Wesseling.
552 2719 629 2773 obss.
645 2715 679 2783 ΙΙ,
694 2721 740 2774 13.
799 2721 818 2773 2
838 2719 976 2792 aliquali
994 2717 1057 2776 tuot
1076 2721 1151 2778 coni.
1165 2720 1320 2776 Cauchius.

262 2793 309 2850 Cs.
330 2796 422 2870 intpp.
443 2795 544 2850 Horat.
565 2813 590 2850 c.
611 2811 688 2849 saec.
709 2793 847 2850 Klauseu.
861 2795 933 2850 Aen.
947 2793 968 2850 l.
983 2814 1012 2872 p.
1024 2799 1080 2852 262
1092 2815 1156 2871 sqq.
1177 2797 1320 2869 Hartung.

260 2871 324 2927 Rel.
346 2869 375 2927 d.
395 2871 479 2926 Riiru.
499 2869 525 2924 Π
542 2889 572 2947 p.
585 2873 632 2927 92.
652 2868 747 2927 ldeler
767 2869 863 2927 chron.
885 2869 910 2924 ll
929 2890 958 2948 p.
970 2873 1007 2939 82
1018 2889 1081 2946 sqq.
1141 2875 1158 2926 6
1178 2870 1224 2926 hia
1243 2873 1321 2927 eninr

259 2948 409 3004 temnioori
427 2945 536 3002 saecoli
554 2943 619 3017 fieri
637 2963 700 3002 noos
719 2953 752 3002 ct
770 2951 868 3003 contro
879 2945 972 3011 DR,h
1044 2946 1280 3002 eatnatormtnom
1291 2965 1318 3003 s.

259 3021 333 3096 tim.
345 3027 486 3079 utcontra
506 3039 538 3098 g,
564 3021 662 3079 relicto
684 3023 778 3100 spatio
799 3040 850 3078 sex
868 3021 929 3077 sere
949 3021 1116 3078 litterarum.
1143 3021 1189 3079 his
1202 3039 1245 3077 en.
1257 3027 1320 3078 tor-

259 3101 356 3156 minca
375 3116 400 3154 s.
420 3095 443 3170 f.
463 3115 500 3154 m.
521 3105 552 3154 ut
572 3115 596 3156 o.
616 3101 797 3172 o-onoqesimo
817 3115 862 3171 qu.
884 3097 902 3152 l.
923 3100 1033 3154 tarnim
1047 3097 1318 3170 honrinossoecoli‚

258 3173 283 3248 f.
303 3193 357 3248 na,
376 3181 461 3250 totquc
481 3183 581 3231 contro
600 3175 709 3230 Manat.
735 3173 780 3230 hio
799 3175 871 3228 enim
889 3175 1027 3230 toronicus
1046 3174 1160 3243 socordi,
1180 3173 1203 3247 f.
1224 3191 1262 3230 ro.
1284 3184 1318 3232 at

260 3258 361 3308 contro
379 3257 411 3308 ot
431 3249 489 3308 dcc.
515 3253 589 3308 coni.
609 3251 724 3308 Medias
752 3269 799 3326 ep.
815 3251 842 3304 6.
868 3247 912 3306 his
932 3253 1006 3307 oraha
1024 3255 1152 3310 tenocinia
1171 3251 1319 3308 soecarlunt

259 3329 423 3397 masticari,
441 3324 466 3399 f.
486 3345 524 3384 m.
546 3335 577 3385 ot
602 3334 702 3385 contro
726 3331 758 3380 aa
778 3324 835 3382 doc.
859 3325 969 3384 Carrio.
995 3327 1147 3386 Excidisse
1172 3327 1316 3403 quaedam

259 3413 396 3483 apparet,
428 3423 501 3480 quae
523 3406 564 3461 sic
583 3405 646 3461 sere
663 3401 785 3459 restituit
804 3401 995 3462 Lachmann:
1022 3403 1077 3463 Sat
1097 3407 1186 3462 utorio
1205 3421 1264 3460 case
1283 3411 1318 3459 ar

259 3487 367 3538 contro.
425 3485 535 3540 ttHor.
558 3501 581 3538 c.
603 3499 679 3536 saec.
700 3482 732 3534 21
749 3497 814 3556 sqq.
875 3484 909 3537 11
932 3489 1022 3541 certos
1040 3481 1078 3539 D.
1142 3479 1220 3540 ochos
1238 3479 1265 3534 D
1286 3487 1317 3535 et

258 3559 270 3612 i
290 3575 326 3612 ex
345 3573 360 3612 a
378 3555 455 3613 sacto
475 3559 511 3614 R.
571 3562 608 3616 12
628 3556 705 3614 claro
717 3555 753 3612 D.
814 3561 850 3616 13
869 3555 940 3613 Post
959 3557 1117 3634 frequentes
1137 3555 1266 3632 sequitur
1285 3557 1316 3610 in

257 3631 332 3708 DRg
353 3635 412 3690 c.7
431 3639 557 3708 superest
576 3644 631 3692 etc.
652 3651 744 3709 nsque
763 3633 802 3690 ad
821 3655 845 3691 e.
860 3633 938 3701 14,7
958 3638 1002 3694 ott
1020 3637 1107 3701 enim,
1128 3635 1165 3689 cf.
1182 3632 1314 3711 prolegg.

259 3713 295 3766 13
315 3710 358 3764 ait
377 3712 450 3765 enirn
469 3717 625 3786 temporum
644 3711 731 3786 DRg,
755 3715 786 3766 ot
805 3713 877 3780 enim
897 3717 1054 3784 temporum
1073 3708 1140 3766 edd.
1161 3717 1229 3766 vett.

257 3803 330 3865 quac
348 3783 499 3860 dissensio,
520 3805 593 3862 qnae
615 3789 701 3842 verba
720 3785 804 3860 DRgl
825 3807 849 3842 c.
864 3789 920 3852 5,3
940 3787 1081 3852 inserunt,
1101 3785 1158 3842 huc
1177 3795 1313 3866 trarmpo-

257 3911 353 3969 nenda
372 3929 438 3969 esse
458 3912 528 3968 vidit
546 3909 722 3966 Lachmann.
744 3909 781 3964 cf.
803 3909 932 3985 prolegg.
1008 3910 1045 3968 14
1064 3871 1293 3972 revolvissem,

257 3991 369 4064 15sqq.
399 3989 443 4045 Ex
464 3987 507 4042 his
529 3985 676 4062 complura
696 3985 855 4052 excidisse,
880 3986 965 4042 codd.
986 3988 1124 4048 lectiones
1145 3998 1313 4056 monstrant,

256 4083 328 4138 quaa
355 4067 432 4122 varie
458 4062 666 4140 interpolarunt
692 4061 757 4118 VV.
782 4061 847 4118 DD.
873 4063 910 4119 ef.
937 4063 1049 4197 Siponii
1077 4066 1211 4124 ernendd.
1237 4067 1263 4133 Ι,
1283 4073 1311 4124 6.

255 4141 415 4200 Robortelli
433 4138 620 4207 annott.l,5.
635 4144 681 4196 10.
697 4143 743 4196 13.
759 4138 805 4196 14.
828 4139 960 4216 Onuphr.
998 4143 1091 4198 onitin.
1107 4143 1144 4199 de
1159 4143 1217 4199 lud.
1233 4161 1311 4202 saec.

255 4223 313 4295 pit
334 4228 363 4272 rr
382 4235 454 4293 quos
475 4225 626 4294 praeterea
646 4215 746 4273 laudat
764 4215 967 4274 Mitsrhcrlich.
982 4218 1021 4274 ad
1039 4219 1109 4275 Hor.
1124 4217 1148 4274 D
1162 4239 1191 4296 p.
1202 4222 1311 4296 uterq.
