2896 4896
487 449 796 510 PROLEGOMENA.
1133 469 1170 507 xl

114 619 282 706 Quantum
305 617 393 690 desit
411 617 506 689 initio
528 625 563 688 ct
582 637 751 712 quaenam
774 637 831 691 res
852 617 899 688 ibi
919 625 1083 690 tractatae
1103 621 1170 692 sint

113 769 185 819 non
209 754 324 842 potest
350 765 397 818 cx
421 745 463 818 iis
496 742 672 834 concludi,
707 765 795 839 quae
826 743 970 838 legimus
996 768 1029 840 p.
1051 743 1168 834 82‚8:

115 874 282 965 „Poterat
307 871 408 945 tinem
433 869 521 944 liber
546 869 669 966 plenus
695 869 851 945 omnibus
877 873 1084 945 necessariis
1105 874 1172 942 iam

113 1000 227 1074 videri
253 1000 500 1090 consecutns‚”
527 998 563 1070 id
590 1007 716 1070 tantum
742 999 824 1071 inde
850 995 1020 1094 sequitur,
1048 999 1174 1073 deesse

114 1125 290 1222 quaedam.

192 1257 248 1328 De
272 1264 414 1328 auctore
446 1254 543 1327 buius
576 1254 759 1347 fragmenti
787 1264 821 1326 et
847 1254 890 1326 do
917 1264 1073 1351 tempora
1100 1253 1175 1326 aius

115 1403 161 1454 nc
188 1384 419 1454 coniecturam
445 1380 580 1476 qnidam
607 1399 734 1477 capere
758 1401 911 1477 possum,
938 1403 1051 1477 neque
1070 1380 1115 1452 de
1132 1403 1174 1452 aa

87 1529 157 1612 ¹re
189 1516 317 1580 certum
349 1509 509 1580 iudicium
540 1502 673 1599 babeo,
707 1507 786 1602 quid
818 1507 885 1581 boc
914 1507 1002 1580 libro
1026 1506 1177 1579 voluerit

116 1644 248 1727 auctor,
276 1657 443 1731 quaenam
470 1638 536 1708 sint
561 1637 758 1708 necessaria
784 1635 861 1727 illa,
894 1633 1176 1731 quibusplenum
1232 1631 1234 1636 ’

118 1781 198 1834 esso
209 1759 330 1832 librum
344 1784 440 1836 suum
456 1763 643 1859 praedicat.
672 1762 757 1835 Illud
773 1785 906 1858 quoque
926 1767 1059 1854 mirum,
1072 1761 1175 1858 quod,

118 1909 194 1959 omn
221 1890 368 1984 scriptor
392 1892 587 1985 promiserit
611 1879 739 1964 tantum
765 1911 804 1964 so
832 1890 876 1962 tic
901 1893 1051 1964 numeris
1072 1911 1177 1962 men-

118 1997 276 2110 surisque
299 2039 409 2113 pauca
436 2019 601 2091 dicturum
629 2019 680 2115 (p.
692 2017 756 2106 82,
770 2017 859 2108 11),
891 2015 987 2088 bisce
1014 2015 1177 2090 absolutis

119 2144 220 2214 etiam
248 2144 291 2217 de
317 2148 446 2220 musica
467 2141 503 2218 et
528 2148 669 2216 metrica
696 2165 767 2216 non
787 2144 916 2215 monito
935 2143 1066 2217 lectore
1088 2151 1176 2237 agat.

120 2267 283 2342 Ceterum
308 2273 382 2368 ¹boc
412 2271 660 2366 fragmentum,
701 2267 790 2365 quod
822 2271 949 2343 misere
983 2279 1179 2367 corruptum

118 2398 156 2466 in
183 2396 283 2470 codd.
307 2398 444 2492 legitur,
462 2409 602 2496 praeter
626 2399 727 2472 multa
755 2398 911 2493 vulgaria
938 2409 1038 2495 atque
1064 2401 1180 2494 inepta

121 2522 211 2596 baud
224 2545 333 2620 pauca
345 2535 458 2599 tamen
473 2530 625 2601 continet
642 2525 780 2598 aliunde
797 2535 975 2616 nonnata,
993 2547 1080 2622 quae
1098 2528 1180 2600 satis

121 2650 281 2747 probant,
308 2655 509 2749 scriptorem
530 2653 680 2726 lontibus
703 2651 948 2747 antiquioribus
967 2674 1065 2724 nsum
1090 2673 1180 2725 esse.

122 2779 240 2872 Atque
266 2777 322 2848 bic
347 2781 457 2852 statim
484 2783 630 2851 animum
662 2779 809 2850 advertit
841 2799 1049 2870 consensus,
1083 2801 1183 2875 quem

123 2908 213 2977 inter
252 2904 395 2980 huiusce
430 2906 534 2980 libelli
569 2915 603 2979 et
642 2904 902 2979 scholiorum
936 2903 1183 2980 Germanici

124 3031 287 3127 quasdam
319 3044 434 3131 partes
468 3034 692 3108 observamus
717 3016 846 3128 (p.76{
862 3033 920 3105 10.
940 3033 1074 3130 BOA).
1119 3035 1184 3122 Qui

127 3183 316 3236 consensus
343 3163 417 3265 talis
446 3171 510 3253 ost,
537 3171 572 3232 ut
598 3162 663 3234 nisi
684 3161 770 3232 alter
795 3185 841 3232 ex
865 3162 973 3234 altero
994 3162 1185 3256 descriptus

128 3299 198 3380 est,
230 3301 374 3384 uterque
406 3291 529 3363 eodem
562 3297 658 3360 certe
691 3287 787 3360 fonte
813 3295 901 3359 'usus
932 3287 984 3359 sit.
1049 3287 1126 3358 Hoc
1150 3295 1186 3360 ut

128 3419 236 3511 magis
262 3417 450 3490 verisimile
466 3416 610 3488 babeam
628 3415 722 3505 facit,
746 3413 835 3507 quod
856 3411 1062 3485 scholiorum
1086 3425 1187 3512 atque

127 3544 226 3618 buius
252 3543 437 3637 fragmenti
471 3551 590 3614 auctor
616 3563 693 3612 cum
719 3543 780 3632 iis,
813 3561 901 3635 quae
929 3543 1062 3637 utrique
1085 3566 1187 3617 com-

128 3673 241 3743 munia
269 3680 367 3761 sunt,
396 3667 460 3740 alia
487 3679 587 3766 atque
614 3669 752 3743 diversa
780 3671 1002 3762 coniungunt,
1035 3671 1070 3742 id
1097 3673 1187 3767 quod

22 3867 30 3878 .
130 3822 174 3872 co
201 3799 330 3872 ducere
362 3795 520 3889 videtur,
555 3807 591 3887 ut
617 3807 759 3891 uterque
793 3820 839 3868 ex
871 3797 994 3870 codem
1026 3797 1188 3872 uberiore

207 4045 332 4094 mentum
354 4055 371 4092 a
392 4037 544 4094 Censorini
564 4036 637 4092 libro
658 4035 830 4094 disiunctum
850 4053 916 4094 asse
937 4033 1188 4109 indicassemustu-
1230 4036 1238 4042 '

157 4129 160 4134 ’
209 4113 258 4168 tirn
279 4112 371 4166 attrrlit
391 4114 542 4170 Censorini
561 4115 723 4189 fragmenta
743 4114 779 4170 de
800 4113 897 4169 metris
918 4120 947 4167 ot
967 4110 1004 4166 ‹le
1024 4112 1190 4184 geornetriu,

210 4207 246 4244 ea
266 4188 383 4255 scilicet,
405 4207 478 4262 qnae
498 4191 527 4245 in
547 4191 602 4246 boc
622 4197 719 4246 nostro
738 4189 898 4263 fragmento
919 4188 1060 4260 leguntur.
