2852 4892
286 442 324 505 ⁶2
493 473 499 492 .
594 435 646 495 ou
664 431 731 494 nm
746 433 899 496 noram
920 437 1064 497 cmm.

286 607 536 674 decornmestres
559 601 697 682 luerunt,
717 617 780 664 neo
794 597 919 686 Romae
941 598 1039 666 modo
1059 599 1115 668 vel
1135 620 1195 693 por
1211 599 1346 687 ltallam,
1416 589 1417 602 ἦ

286 719 343 789 sed
366 727 399 786 et
420 715 506 809 apud
528 723 640 808 gentos
662 735 791 795 omnes,
813 722 968 804 quantum
988 721 1140 807 poterat,
1167 717 1266 786 iidem
1294 721 1344 788 lu·

287 846 381 907 erunt
406 831 551 901 correcti.
586 811 709 922 ltaque
736 848 812 898 curn
835 827 876 895 do
897 825 1004 919 aliquo
1026 851 1186 927 annomm
1205 855 1342 903 numero
1355 856 1386 910 12

284 955 337 1023 hic
353 952 491 1044 dicetur,
512 967 579 1013 non
598 943 677 1011 alios
699 965 759 1034 par
781 945 840 1012 erit
861 966 959 1037 quam
978 944 1141 1013 naturales
1164 950 1324 1040 accipere.

259 1085 273 1126 a
369 1063 413 1134 Et
439 1065 467 1131 si
497 1061 587 1154 origo
615 1058 726 1127 mundi
758 1058 790 1125 in
816 1055 984 1125 hominum
1015 1061 1161 1128 notitiam
1189 1065 1343 1151 venisset,

282 1184 358 1254 inde
381 1177 551 1249 exordium
572 1193 789 1242 sumeremus:
821 1171 910 1240 xxl.
932 1193 1020 1242 nunc
1039 1198 1119 1244 vero
1138 1175 1171 1244 id
1190 1178 1366 1247 interval-1

283 1301 352 1369 lum
381 1293 533 1386 temporis
560 1288 704 1357 tractabo
741 1287 828 1380 quod
861 1287 1029 1375 ἱστορικὸν
1054 1292 1159 1360 Varro
1192 1293 1343 1385 adpellat

284 1410 346 1486 Hic
369 1413 455 1480 enirn
476 1407 536 1474 tria
557 1404 741 1472 discrimina
768 1414 951 1494 temporum
973 1425 1046 1471 esse
1067 1405 1177 1490 tradit,
1202 1408 1344 1498 primurn

284 1531 324 1599 ab
352 1527 518 1595 hominum
549 1519 704 1613 principio
734 1519 774 1586 ad
802 1517 1035 1608 cataclysmum
1054 1522 1220 1611 priorem,
1255 1525 1344 1616 quod

245 1655 273 1696 ¹⁰
285 1653 417 1738 propter
443 1635 656 1730 ignorantiam
683 1642 821 1700 vocatur
846 1628 989 1714 ἄδηλον,
1010 1636 1189 1703 secundum
1212 1659 1232 1706 a
1254 1649 1344 1708 cata·
1416 1617 1417 1640 ἶ

284 1761 407 1850 clysmo
429 1755 536 1844 priore
558 1747 599 1815 ad
622 1745 838 1839 olympiadem
859 1747 1010 1838 primam,
1033 1750 1129 1840 quod,
1151 1751 1225 1842 quia
1246 1753 1281 1819 in
1306 1777 1344 1822 eo

283 1873 385 1943 multa
406 1865 552 1936 fabulosa
573 1865 765 1946 referuntur,
786 1862 938 1947 μυθικὸν
958 1864 1150 1948 nominatur,
1172 1868 1304 1935 tertium
1326 1894 1344 1937 a

284 1989 387 2082 prima
409 1979 591 2073 olympiade
615 1976 656 2046 ad
677 1999 747 2060 nos,
771 1976 857 2069 quod
877 1977 993 2046 dicitur
1010 1977 1186 2068 ἱστορικόν,
1203 1985 1278 2076 ‹pria
1290 2007 1344 2053 res

236 2093 239 2103 '
283 2105 316 2190 in
345 2123 384 2168 eo
415 2103 527 2188 gestae
555 2095 639 2164 veris
662 2090 801 2160 historiis
824 2096 1035 2192 continentur.
1083 2095 1229 2166 Primum
1256 2103 1370 2176 enimc

243 2231 269 2271 ¹⁵
284 2197 426 2306 tempus,
454 2211 523 2277 sive
549 2205 670 2276 habuit·
684 2206 809 2275 initium
830 2231 889 2277 sou
910 2231 1039 2301 semper
1060 2213 1133 2295 luit,
1154 2221 1241 2282 certe
1264 2225 1344 2310 quot

283 2345 440 2398 annorum
470 2325 511 2392 sit
544 2343 609 2391 non
639 2321 747 2414 potest
780 2324 1018 2416 comprehendi.
1068 2329 1247 2397 seeundum
1277 2355 1344 2400 non

282 2442 380 2537 plane
404 2439 534 2533 quidem
556 2440 665 2521 scitur,
687 2437 745 2505 sed
767 2448 875 2506 tamen
899 2437 940 2507 ad
958 2439 1045 2508 mille
1067 2443 1193 2512 circiter
1212 2455 1245 2512 et
1266 2471 1344 2514 sex·

283 2569 395 2628 centos
417 2574 519 2624 annos
542 2574 615 2621 esse
637 2549 786 2620 creditor.
831 2570 850 2620 a
868 2555 974 2646 priore
995 2556 1117 2626 scilicet
1133 2559 1341 2651 cataclysmo,

283 2696 380 2768 quem
402 2671 512 2740 dicunt
526 2670 651 2760 egypti,
673 2665 715 2736 ad
731 2665 841 2737 lnaclri
861 2691 998 2762 regnum
1019 2673 1094 2739 anni
1115 2683 1198 2743 runt
1214 2675 1340 2743 circiter

242 2815 273 2854 ro
285 2787 508 2884 quadringenti
529 2791 543 2822 *
565 2791 594 2870 *,
614 2783 689 2853 hinc
712 2783 752 2852 ad
774 2781 990 2877 olympiadem
1004 2788 1141 2880 primam
1153 2788 1251 2882 paulo
1266 2790 1339 2884 plus

281 2999 435 3071 ‘tpotorut
453 2989 540 3056 idom,
626 2990 666 3049 15
684 2989 746 3048 siro
765 3009 789 3048 s.
874 2994 1018 3068 mquam
1035 2991 1182 3070 Ogygluru
1201 2993 1301 3056 dicum

282 3070 350 3128 anni
369 3067 481 3126 circiter
501 3066 617 3126 CCCC.
638 3065 704 3124 lrinc

280 3237 454 3310 montom
475 3235 572 3306 posteo
595 3223 667 3286 tolon
685 3228 1024 3308 D(po⁸so..ras.)ltglm.
1127 3231 1245 3306 fuorunt
1263 3251 1336 3294 oon.

279 3309 354 3377 DRI,
373 3307 451 3382 sum
469 3325 544 3366 corr.
566 3324 595 3384 g,
613 3303 693 3380 fuero
712 3310 833 3385 oomsyrti
845 3327 882 3368 m.
903 3316 1038 3395 quantum
1053 3316 1165 3402 putenm
1183 3309 1255 3370 idern
1272 3309 1336 3384 foa·

278 3393 346 3445 root
366 3402 438 3444 corr.
460 3383 572 3440 Carrio.
630 3382 807 3443 ddioorotur
824 3376 861 3444 D.
920 3382 1180 3444 toouromo.
1242 3389 1336 3446 l'orro

280 3461 409 3520 inlibris
430 3459 467 3518 de
486 3469 572 3536 gente
591 3459 625 3517 P.
645 3460 681 3517 R.
702 3479 728 3517 v.
749 3460 788 3518 ad
806 3466 826 3520 2
846 3464 913 3522 et5.
972 3468 990 3520 o
1011 3460 1259 3540 qaod-udplov
1278 3483 1337 3522 om.

279 3537 345 3616 llgl.
424 3535 635 3594 loudolooD.
714 3543 808 3598 aaut.
828 3555 871 3615 pr.
893 3533 1028 3615 omllgl.
1107 3541 1335 3617 11prtorou1).

279 3613 501 3672 mahalomlt
561 3616 598 3670 12
617 3611 758 3684 mytlrloon
767 3611 823 3690 Dg.
860 3613 1154 3694 ¹13loittorlooollg.
1213 3619 1250 3676 15
1264 3624 1336 3676 unt-

278 3709 345 3768 pum
362 3689 399 3752 D.
475 3685 557 3746 totu
570 3688 609 3766 gl.
684 3689 760 3765 quod
777 3691 814 3748 D.
888 3697 925 3749 19
945 3709 1023 3768 men
1041 3693 1139 3752 dieunt
1155 3697 1280 3769 oropyoti
1297 3695 1334 3754 D.

276 3767 392 3843 ornytoit
410 3763 446 3834 R,
464 3768 577 3840 nuptos
595 3784 622 3842 g,
641 3769 793 3840 oroyttiom
812 3768 831 3835 l,
850 3769 988 3842 mypptu
1006 3787 1044 3827 m.
1068 3769 1176 3846 omis
1186 3769 1255 3829 edd.
1267 3781 1334 3830 ven.
1414 3807 1415 3812 κ

280 3847 419 3921 omium
440 3841 551 3902 Canio.
572 3841 619 3902 Cf.
640 3841 758 3922 August.
780 3843 815 3900 C.
826 3843 863 3901 D.
883 3843 986 3912 XVlll,
996 3849 1023 3904 8.
1045 3845 1140 3916 „Nam
1152 3847 1246 3905 Varro
1265 3849 1335 3908 inde

278 3927 310 4004 (a
331 3920 437 3980 diluvio
457 3916 582 3996 Ogygii)
609 3933 728 3976 exorsus
749 3927 794 3975 est
812 3919 928 3990 librum,
950 3924 1030 3980 onius
1050 3920 1223 3983 mentionem
1243 3935 1334 4002 uupc·
1414 3951 1415 3986 r

274 3999 336 4055 *rius
355 3999 413 4056 l'eci
434 3996 491 4074 (dc
510 4005 596 4085 gente
614 3993 719 4072 Populi
738 3995 869 4065 Romani,
889 4013 915 4052 v.
929 3995 1095 4092 xv11132),
1121 4010 1151 4059 et
1168 3997 1244 4094 ‘nlltil
1270 4005 1336 4070 sibi,
1414 4012 1415 4022 ¹

277 4089 314 4208 5¹
340 4081 571 4224 {ttrltttttt
588 4071 959 4216 „ttinlttlstntm
974 4079 1335 4226 tlllrllillf'ltslll

276 4229 310 4284 lo
342 4223 401 4282 tlt.
461 4239 552 4284 annos
563 4222 599 4294 D,
619 4226 704 4282 annis
713 4225 769 4299 Rg.
840 4227 911 4288 Post
923 4227 1118 4307 quadrimum
1132 4231 1334 4291 omissasurn:
