2896 4896
280 420 337 458 xvi
534 386 538 477 j
645 400 954 466 anomoeorum.

280 567 455 656 adiectae,
485 587 571 662 quas
604 565 661 638 uhi
693 567 792 638 codd.
828 571 937 642 nostri
975 570 1096 644 omnes
1135 583 1344 665 agnoscunt,

279 695 372 770 nolui
397 717 595 784 removere,
623 694 686 766 sed
711 696 808 769 uncis
836 704 964 768 tantum
988 696 1123 787 inclusi,
1150 721 1248 794 quom
1275 723 1344 772 ra-

279 828 406 899 tionem
439 813 548 895 maior
580 823 737 895 minorve
770 821 918 896 diversis
959 821 1045 898 locis
1082 823 1250 899 certitudo
1284 839 1346 899 aut

279 954 355 1025 veri
382 949 562 1024 similitudo
590 948 738 1022 suadere
765 947 945 1022 videbatur
960 949 1014 1044 a).
1069 952 1141 1034 'Vel
1167 952 1222 1026 hic
1248 977 1344 1028 con-

279 1101 402 1153 sensus
430 1076 548 1167 docet,
582 1085 618 1147 ut
643 1099 746 1172 supra
770 1078 838 1148 iam
865 1080 1000 1169 monui,
1028 1101 1089 1153 eos
1116 1077 1255 1154 codices
1280 1084 1345 1176 qui

276 1226 367 1276 nunc
394 1213 530 1278 exstant
557 1225 603 1276 ex
629 1203 751 1275 eodem
775 1203 963 1299 archetypo
990 1204 1163 1280 derivatos
1190 1229 1281 1280 esse.

353 1330 502 1406 Codices
532 1353 641 1421 vero,
674 1331 730 1424 qui
762 1333 797 1402 in
832 1333 984 1405 notitiam
1015 1354 1126 1406 meam
1155 1345 1343 1426 venerunt,

276 1460 309 1530 hi
337 1469 423 1533 sunt.

355 1583 479 1660 Codex
511 1584 591 1658 olim
624 1561 906 1659 Coloniensis
937 1605 1028 1657 nunc
1058 1586 1094 1655 in
1130 1584 1340 1660 bibliotheca

277 1712 615 1786 Darmsladiensi
628 1722 799 1804 servatus,
812 1736 845 1785 ιι.
860 1711 931 1784 166
946 1709 1333 1786 catalllortuheimiani.
1432 1747 1433 1820 ι

276 1840 342 1912 Hic
370 1840 484 1914 codex
510 1842 657 1917 omnium
690 1839 938 1934 antiquissimus
965 1841 1110 1934 scriptus
1137 1849 1191 1912 est
1215 1840 1338 1914 litteris
1432 1821 1433 1902 ἶ

276 1967 465 2048 uncialibus
487 1971 524 2040 in
544 1967 750 2041 membranis
768 1968 939 2038 maximae
958 1966 1091 2038 formae
1110 1967 1228 2041 seculo
1248 1991 1337 2064 sep·-

277 2097 367 2166 timo.
402 2093 1336 2191 Post'ConsultumFortunatianumatquellla-
1432 2099 1433 2104 ’

275 2222 379 2292 rium
391 2221 659 2294 Victorinum
677 2220 802 2314 legitur
815 2219 1027 2295 Censorinus
1045 2243 1121 2293 eum
1138 2221 1334 2317 fragmento

275 2346 366 2421 foliis
383 2345 728 2441 mmm-262).
756 2345 894 2420 Librum
913 2349 1100 2442 pretiosum
1121 2371 1220 2444 quam
1240 2355 1335 2448 potui

275 2477 530 2549 accuratissime
561 2473 687 2547 contudi
720 2497 795 2546 cum
823 2474 973 2546 editione
999 2473 1244 2572 Lindenbrogii
1270 2503 1336 2556 se-
1432 2577 1433 2580 Ἴ

275 2601 385 2674 cunda
413 2625 443 2672 a.
470 2601 591 2693 1642,
616 2624 814 2698 quamquam
840 2609 962 2698 postea
988 2602 1060 2675 vidi
1087 2624 1143 2676 me
1168 2605 1204 2676 in
1230 2604 1335 2680 rebus

274 2728 546 2825 orthographicis
572 2751 641 2802 non
668 2731 781 2802 omnia
805 2751 851 2801 ea
877 2750 942 2824 qua
968 2751 1031 2824 par
1058 2739 1133 2804 erut
1159 2728 1333 2826 diligentia

274 2866 446 2930 euotasse.
512 2855 633 2949 Neque
673 2854 843 2951 supplevit
881 2854 971 2928 hune
1016 2855 1187 2929 defectum
1226 2859 1334 2932 altera

272 2981 427 3056 eiusdem
449 2981 577 3054 codicis
596 2980 744 3072 collatio,
759 3003 860 3076 quam
874 3005 944 3055 non
958 2985 1087 3079 petenti
1103 2993 1226 3078 postea
1242 2987 1333 3060 misit

273 3109 471 3199 neturus,
485 3106 738 3198 aWalthero‚
751 3106 977 3182 bibliothecae
987 3113 1174 3185 secretario
1188 3110 1331 3184 iactam:

272 3237 336 3312 sed
362 3248 475 3311 tamen
500 3244 697 3331 pergratum
722 3235 802 3307 mihi
827 3234 894 3308 hoc
916 3258 1035 3311 munus
1060 3238 1134 3331 luit,
1153 3259 1231 3311 nam
1257 3241 1332 3314 eius

272 3386 339 3461 ope
365 3365 490 3438 factum
519 3373 583 3455 est,
609 3373 645 3436 ut
668 3363 712 3436 de
737 3362 885 3436 lectione
908 3365 1037 3438 codicis
1063 3367 1233 3460 uunquam
1260 3367 1331 3438 du·-

270 3490 380 3563 bitcre
405 3495 546 3587 possim,
575 3502 609 3565 et
626 3490 798 3563 affirmare
822 3490 965 3564 audeam
983 3501 1122 3587 praeter
1141 3493 1330 3589 orthogra-

269 3617 369 3714 phica
387 3618 552 3713 quaedam
570 3640 689 3691 omnes
711 3618 840 3692 codicis
858 3618 1025 3693 lectiones
1044 3619 1220 3694 adnotatas
1237 3643 1328 3696 esse.

271 3744 401 3818 Codice
426 3742 624 3818 Coloniensi
644 3765 726 3818 usus
744 3755 797 3819 est
818 3745 1058 3820 Ludovicus
1079 3744 1243 3841 Carrio,
1264 3747 1328 3822 sed

269 3870 450 3946 admodum
476 3873 721 3968 neglegenter,
750 3875 795 3944 ita
818 3883 854 3946 ut
882 3873 984 3946 editio
1013 3875 1105 3965 cius,
1139 3896 1226 3969 quae
1252 3874 1327 3946 Lu-

288 4132 332 4206 .*)
355 4135 401 4191 Cf.
422 4155 451 4212 p.
465 4138 550 4203 3,11.
573 4137 617 4202 10,
630 4135 658 4190 7.
680 4138 725 4204 12,
737 4138 764 4191 6.
786 4135 888 4203 37,15.
911 4137 957 4202 38,
967 4138 1015 4192 23ι
1036 4135 1136 4205 4219.
