2896 4896
274 455 323 492 xrr
397 383 400 391 '
652 432 966 494 PROLEGOMENA.

274 602 371 674 fonte
399 602 520 697 partim
554 600 674 674 eadem
708 602 830 695 partim
863 598 1003 673 divorsa
1036 601 1070 670 in
1106 595 1202 673 usum
1236 619 1338 671 suum

273 730 422 800 vertisse
455 726 623 822 putandus
656 728 708 798 sit.
771 726 902 798 Verum
929 725 973 798 de
996 725 1061 798 bac
1087 748 1127 797 re
1153 728 1238 798 corti
1266 725 1337 796 ali·

275 854 353 948 quid
371 877 441 928 non
461 863 574 950 potest
589 851 752 949 proferri,
767 862 948 948 antequam
965 850 1144 924 dihoillima
1163 851 1207 924 dc
1226 850 1338 925 scho-
1441 851 1442 866 ,

272 980 326 1056 liis
353 980 549 1055 Germanici
576 1001 763 1076 eorumque
789 989 930 1053 auctore
963 981 1117 1074 quaestio
1144 979 1337 1052 accuratius
1441 1047 1442 1074 ,

271 1117 478 1204 pertractata
504 1106 618 1179 fuerit.
671 1106 711 1179 ld
737 1106 872 1202 quidem
898 1105 987 1180 haud
1014 1096 1151 1178 dubium
1173 1127 1254 1180 csse
1273 1106 1337 1178 vi·
1441 1085 1442 1098 ἵ

273 1235 385 1325 detur,
411 1235 492 1330 quin
511 1232 641 1308 scholia
662 1232 719 1304 illa
740 1256 787 1306 cx
808 1231 951 1307 Graecis
977 1232 1116 1308 scholiis
1135 1233 1236 1307 Arati
1257 1241 1336 1304 tra-

273 1363 373 1434 ducta
395 1365 481 1452 aint3
509 1361 571 1436 sed
597 1382 742 1456 quonam
770 1369 925 1455 tempore
952 1360 987 1432 id
1014 1359 1140 1432 iactum
1160 1363 1214 1446 sit,
1242 1359 1276 1431 id
1299 1361 1335 1432 in

271 1487 336 1561 hac
362 1488 568 1564 scholiorum
596 1487 752 1560 diuturno
780 1485 973 1560 scholarum
990 1509 1055 1560 usu
1074 1489 1200 1560 misero
1219 1487 1335 1558 inter·

270 1616 460 1712 polatorum
494 1615 698 1690 condicione
728 1613 819 1686 haud
853 1613 955 1688 facile
995 1613 1171 1688 diiudicari
1207 1621 1331 1709 potest.

270 1742 419 1815 Accedit
443 1742 523 1816 huic
547 1763 692 1831 causae,
726 1740 770 1814 dc
798 1763 863 1836 qua
890 1743 1043 1834 agimus,
1074 1742 1139 1814 alia
1165 1739 1332 1834 quaedam

272 1867 462 1943 difficultas.
513 1869 601 1944 Nam
627 1871 660 1940 ei
685 1867 890 1942 scholiorum
917 1871 1136 1963 parthenius
1163 1889 1241 1940 cum
1260 1889 1334 1939 no·-v

147 2074 150 2080 ,
270 2006 340 2071 stro
366 2000 535 2094 scriptore
561 2017 769 2070 consensum
795 1996 1000 2087 notavimus,
1025 1996 1106 2068 nihil
1129 1995 1220 2090 quod
1240 2017 1332 2068 con-

269 2125 353 2197 lerri
379 2126 487 2219 possit
511 2123 637 2218 legitur
662 2124 698 2194 in
719 2121 862 2196 Graecis
883 2121 983 2196 Arati
1009 2121 1160 2212 scholiis,
1188 2131 1223 2195 et
1242 2144 1331 2195 vero

269 2247 488 2345 apographo,
522 2250 612 2344 quod
638 2249 682 2320 ad
708 2249 861 2324 codicem
885 2250 1096 2323 Puteaneum
1123 2248 1331 2324 scholiorum

161 2423 164 2428 -
209 2385 212 2392 “
270 2376 465 2450 Germanici
490 2375 532 2448 N.
560 2376 693 2448 Heinsii
719 2397 820 2448 manu
846 2376 973 2448 factum
999 2376 1205 2451 bibliotheca
1231 2380 1329 2470 regia

267 2503 503 2578 berolinensis
530 2511 660 2591 servat,
687 2500 914 2575 haecomnia
941 2503 1073 2576 desunt.
1120 2504 1237 2599 ltaque
1257 2503 1330 2576 ho-

266 2600 342 2702 rum
367 2631 466 2724 origo
492 2631 600 2723 magis
628 2631 729 2702 etiam
755 2631 885 2703 incerta
913 2653 994 2706 esse
1020 2631 1168 2705 videtur.

268 2757 367 2844 Quae
392 2766 578 2852 sequuntur
605 2755 648 2829 de
674 2759 919 2850 geometria
946 2762 1076 2856 capita,
1104 2782 1146 2832 ea
1174 2782 1221 2832 ex
1243 2758 1328 2830 Eu-

268 2884 380 2956 clido
409 2882 569 2954 translata
597 2893 696 2975 sunt,
722 2887 767 2956 ita
795 2884 949 2980 quidem,
981 2896 1017 2959 ut
1042 2909 1119 2960 cum
1146 2885 1219 2956 uliis
1247 2887 1327 2979 qui-

266 3010 409 3088 busdam
430 3009 649 3083 versionibus
677 3032 747 3083 non
767 3021 969 3105 congruant,
993 3036 1106 3109 neque
1129 3015 1236 3086 exiis
1259 3012 1327 3085 de-

265 3141 391 3233 scripta
418 3158 498 3212 esse
524 3139 665 3232 possint.
712 3128 716 3142 '

267 3267 363 3354 Quae
390 3275 458 3338 tum
486 3265 529 3337 de
555 3265 714 3338 musica
746 3265 935 3358 traduntur,
963 3287 1006 3338 ea
1030 3267 1211 3338 maximam
1239 3253 1326 3361 par-

265 3403 334 3468 tem
367 3417 413 3466 ex
446 3391 690 3490 antiquioribus
721 3391 872 3468 fontibus
903 3393 1022 3468 hausta
1057 3415 1136 3468 esse
1174 3405 1324 3492 apparet.
1439 3437 1440 3442 =

266 3519 393 3594 Probat
410 3520 478 3592 boc
496 3522 563 3592 iam
588 3530 765 3616 poetarum
785 3521 994 3615 aliorumque
1014 3522 1214 3618 scriptorum
1233 3546 1325 3619 quo-
1439 3549 1440 3568 ¹

266 3646 409 3719 ruudam
436 3649 728 3737 commemoratio,
755 3651 811 3740 qui
838 3651 947 3721 minus
970 3651 1041 3721 noti
1064 3647 1172 3723 fuisse
1194 3651 1324 3722 viden-

264 3785 338 3864 tur,
369 3794 469 3867 quam
500 3792 562 3868 pro
597 3773 694 3846 buius
726 3775 901 3868 scriptoris
938 3773 1102 3848 doctrina.
1156 3777 1243 3848 Tum
1267 3775 1324 3848 illa

266 3925 353 3998 quae
375 3900 418 3972 de
438 3897 683 3993 Rhythmonio,
703 3899 920 3994 Hymenaeo,
935 3901 1177 3997 Periclymeno
1198 3913 1231 3975 et
1249 3904 1323 3975 Pc-
1439 3877 1440 3888 ἵ

265 4027 396 4100 rimedc
419 4027 468 4116 (c.
485 4024 555 4121 10]
585 4035 619 4098 et
639 4035 758 4124 postea
776 4026 819 4098 de
834 4029 984 4124 Hypata,
999 4031 1097 4104 Mese
1117 4039 1217 4125 atque
1233 4030 1322 4102 Nelo

265 4152 372 4228 Musis
389 4151 443 4248 [p.
458 4151 520 4246 90,
537 4153 594 4247 6),
622 4155 665 4228 de
692 4155 853 4250 Apolline
873 4155 926 4251 (p.
942 4156 1003 4246 90,
1020 4155 1089 4250 15]
1117 4157 1160 4230 de
1188 4159 1261 4232 cius
1289 4166 1323 4228 et
1439 4203 1440 4238 ,
