2896 4896
372 427 425 488 Du
445 428 510 486 Dm
529 429 675 488 Nurum
696 429 779 488 CAP.
797 437 842 490 10.
1091 437 1129 495 25

68 588 261 660 summitte
281 585 486 680 Pythagorae
511 590 650 657 reiorum
670 595 903 673 commentum,
931 593 985 683 qui
1006 605 1130 663 secreta

73 716 210 774 naturae
231 703 392 774 serrendo
413 705 532 796 reperit
547 701 730 796 phthongos
748 706 945 773 musicorum
961 711 1134 776 convenire

75 821 118 890 ad
144 822 303 888 rationem
320 841 546 886 uumeronrm.
595 817 682 887 Num
710 817 847 887 chordas
876 843 980 912 oeque
1008 845 1134 893 crassus

72 937 208 1028 purique
228 934 428 1026 longitudine
451 933 584 1002 dirersis
612 933 807 1025 ponderibus
838 935 989 1020 tetendit,
1018 939 1133 1029 quibus

47 1074 178 1142 ssuepe
189 1050 295 1143 pulsis
313 1072 378 1118 uee¹
396 1047 571 1140 phthongis
590 1048 632 1118 ad
653 1047 752 1116 ulium
766 1048 979 1142 symphonion
996 1075 1132 1123 coneor-

74 1165 224 1236 dentiirus
240 1164 385 1256 pondera
395 1163 550 1249 mittebat,
570 1171 604 1230 et
622 1163 797 1232 identidem
814 1165 999 1257 frequenter
1015 1191 1132 1260 exper-

74 1290 128 1348 tus
159 1289 327 1371 postremo
355 1277 567 1368 deprehendit
593 1287 670 1345 tunc
685 1278 776 1346 duee
803 1278 942 1348 chordas
962 1285 1136 1352 concinere

72 1395 109 1464 id
130 1395 219 1486 quod
242 1403 293 1462 eet
313 1389 373 1460 διὰ
393 1387 578 1479 τεσσάρων,
598 1413 675 1459 σιιιιι
697 1413 808 1460 eurum
828 1395 973 1484 pondera
993 1399 1077 1467 inter
1098 1423 1134 1467 se

75 1509 195 1578 collate
215 1511 373 1578 rationem
389 1507 547 1576 haberent
576 1527 673 1596 quom
701 1506 762 1574 triu
784 1507 825 1576 ad
844 1517 1010 1600 quattuor,
1037 1535 1135 1602 quem

35 1623 279 1717 sophthongrun
305 1620 496 1708 arithmetici
524 1617 641 1687 Graeci
672 1616 840 1710 ἐπίτριτον
865 1634 998 1708 vocant,
1027 1625 1135 1696 Latini

73 1741 313 1831 supertertium.
362 1737 406 1804 At
427 1757 498 1802 eam
519 1733 731 1826 symphoniau
755 1759 837 1829 quoe
859 1736 918 1804 διὰ
937 1740 1033 1806 πέντε
1054 1743 1164 1832 diei-,9

72 1863 130 1921 tur
157 1853 202 1920 ibi
230 1851 353 1919 invertit
379 1851 432 1918 ubi
455 1849 635 1940 ponderum
661 1851 831 1920 discrimen
844 1935 846 1942 Ι
859 1855 893 1920 in
920 1857 1135 1946 sesquialtera

72 1969 287 2060 proportione
307 1975 377 2049 est,
400 1989 498 2058 quum
519 1963 583 2032 duo
605 1965 727 2032 ineiunt
748 1965 790 2032 ad
810 1967 871 2034 trio
892 1967 1026 2050 collatu,
1049 1969 1136 2060 quod

74 2077 234 2170 ἡμιόλιον
266 2080 438 2172 oppedum.
493 2079 581 2146 Cum
612 2087 723 2144 nutem
758 2077 858 2144 attera
888 2078 1008 2148 ehordo
1033 2081 1135 2173 duplo

35 2223 61 2267 ιι
73 2200 202 2264 maiore
215 2195 362 2287 pondere
379 2197 480 2284 quem
491 2195 594 2262 ultera
609 2191 795 2261 tenderetur
805 2201 838 2263 et
848 2204 933 2262 esset
948 2195 1136 2265 διπλασίων

71 2307 188 2400 λόγος,
213 2307 274 2374 διὰ
294 2307 413 2374 πασῶν
439 2307 584 2376 sonabat.
627 2307 701 2376 Hoc
722 2307 806 2374 etin
827 2308 910 2376 tibiis
932 2311 959 2377 si
980 2317 1186 2390 conveni-10

73 2435 130 2494 ret
159 2423 343 2514 temptauit,
370 2445 432 2491 nee
460 2422 546 2490 uliud
572 2421 703 2490 invenit
752 2420 839 2490 Num
867 2433 1019 2514 quattuor
1045 2429 1139 2496 tibine

74 2541 148 2632 pari
161 2560 243 2606 euro
254 2539 388 2629 paravit,
401 2538 542 2628 impares
555 2536 766 2628 longitudine,
776 2538 913 2628 primum
930 2539 1021 2608 verbi
1038 2565 1138 2610 causa

75 2653 213 2744 longum
239 2652 357 2742 digitos
376 2651 439 2734 Vl,
465 2651 644 2719 seeundum
670 2650 763 2718 tertio
791 2659 883 2739 parte
910 2651 1017 2720 addin
1033 2655 1065 2722 id
1089 2666 1140 2723 est

38 2795 66 2837 ru
79 2768 255 2856 digitorum
275 2763 364 2847 vul,
390 2765 516 2832 tertiam
538 2765 710 2856 digitorum
729 2761 814 2832 vult
832 2764 984 2854 sescuplo
1003 2766 1138 2860 ›longio-

78 2905 151 2950 rem
180 2904 278 2973 quam
304 2880 456 2972 priorem,
484 2887 631 2970 quertmn
657 2900 737 2946 vero
758 2875 819 2946 xl]
837 2877 1027 2968 digitorum,
1055 2909 1138 2977 quoe

78 2999 218 3089 primurn
237 2994 438 3086 imgitudoe
459 2993 645 3086 duplicaret
688 2991 748 3062 Hir
768 2994 879 3086 itaque
898 2995 1015 3067 inflatis
1038 3008 1071 3068 et
1091 2999 1138 3068 hi·
1152 3019 1187 3074 11

81 3186 275 3246 uscrutando
342 3185 576 3265 5sy1uphouiam
643 3183 713 3240 oid
730 3183 818 3241 ident.
884 3189 917 3243 11
940 3189 1139 3266 symphoniam

81 3267 122 3323 22
142 3265 323 3340 sesquitertia
342 3271 387 3322 est
405 3281 489 3342 prop.
556 3261 593 3321 15
614 3255 766 3338 διπλασίῳ
786 3258 867 3316 loeus

84 3431 100 3485 1
122 3425 207 3498 Ruit.
233 3425 271 3484 ef.
291 3425 389 3483 larnbl.
409 3443 435 3481 v.
455 3423 539 3498 Pyth.
551 3426 599 3480 26.
619 3417 942 3497 Boed1.mus.l,10sq.
961 3421 1089 3480 Macrob.
1110 3425 1140 3482 in

86 3501 149 3560 Cic.
170 3524 193 3561 r.
214 3503 263 3561 Se.
284 3502 358 3569 11,1.
378 3499 491 3556 Nicom.
506 3499 597 3555 itanu.
618 3497 631 3552 1
650 3515 680 3574 p.
690 3500 728 3552 10
738 3510 803 3568 sqq.
860 3497 880 3552 2
898 3497 1035 3556 seroundo
1046 3499 1139 3578 DRgl,

83 3579 220 3638 eerrundo
241 3598 268 3638 a.
290 3576 337 3636 cf.
358 3575 438 3650 Virg.
450 3575 521 3632 Aen.
537 3573 588 3641 VI,
598 3575 655 3630 338
674 3569 769 3629 sidero
787 3580 892 3629 rorum.
950 3580 968 3634 3
989 3575 1090 3636 cordua
1101 3579 1139 3637 D.

85 3655 222 3732 ineptis
239 3654 323 3733 pond.
346 3651 500 3709 Cauchius.
572 3647 659 3726 pund.
679 3647 716 3705 D.
788 3648 939 3726 ertonpn
959 3652 995 3711 D.
1015 3671 1064 3714 uuo
1084 3675 1140 3714 om.

86 3734 211 3801 Manut„
224 3734 273 3808 qui
285 3731 359 3788 coni.
381 3727 500 3786 nullom.
521 3725 599 3784 ilium
615 3745 653 3783 m.
673 3743 763 3783 unum
774 3723 929 3787 Cauchius.
987 3730 1090 3808 europi».
1103 3733 1140 3790 D.

69 3815 106 3866 .ss
125 3808 282 3884 frequenter
306 3804 462 3864 delendum
486 3812 568 3882 putat
588 3803 717 3861 Vinetos.
822 3807 860 3862 10
878 3813 1003 3882 ptonpon
1022 3808 1058 3864 D.

85 3889 223 3962 epitriton
240 3886 341 3961 DRga.
419 3885 453 3939 11
475 3881 513 3940 ud
531 3879 624 3956 ungi.
696 3879 1037 3942 mutunensis
1055 3885 1092 3941 D.
1113 3886 1144 3942 in

85 3961 242 4040 ponderruu
266 3960 426 4019 dteornnino
443 3961 475 4016 tn
492 3975 518 4016 ι.
538 3957 595 4033 glo.
621 3955 659 4015 ut
676 3959 813 4016 inuenitur
831 3961 861 4016 iu
878 3977 908 4034 p.
927 3959 1087 4021 discrimino
1104 3980 1142 4020 ιιι.

85 4036 270 4113 mquipietro
288 4035 481 4105 DmsAlmel,
500 4037 590 4110 nequi
611 4039 671 4091 etro
690 4034 728 4100 R,
746 4036 923 4109 roequttortio
942 4035 980 4110 gt,
1004 4037 1144 4112 emuniui-

88 4123 151 4174 toru
169 4131 207 4180 ru,
227 4121 259 4168 ut
278 4131 350 4170 corr.
371 4111 503 4188 Scaliger
520 4119 550 4168 et
597 4111 700 4168 inetur.
799 4114 836 4167 13
855 4117 899 4174 oet
916 4129 973 4168 om.
992 4111 1085 4190 DRgl.

90 4192 128 4251 14
147 4188 278 4326 legirupis
294 4187 332 4246 D.
429 4192 465 4248 15
490 4187 633 4265 diplarion
652 4183 731 4244 torus
754 4186 837 4259 DRg.
864 4181 1034 4246 διπλασίων
1053 4183 1145 4267 λόγος

91 4287 164 4326 corr.
205 4285 239 4324 ca
260 4283 321 4342 ger,
