2896 4896
401 439 455 498 DE
472 437 537 498 DIE
557 439 704 500 NATALI
724 439 807 499 CAP.
820 445 865 500 11.
1120 449 1157 505 29

99 601 180 668 istos
211 600 470 668 commutationis
497 601 657 692 speculari
687 611 720 669 et
746 623 862 671 arcana
890 607 1024 670 numme
1048 601 1157 672 rimmi

99 717 250 806 potuerit,
271 736 367 782 nemo
388 715 530 782 miretur.
574 714 656 785 haec
677 717 764 784 enim
787 717 937 807 frequens
959 715 1157 786 medicorum

95 829 298 921 experientia
318 829 464 918 pervidit,
487 832 541 920 qui
564 853 639 898 eum
654 827 777 897 ¹multas
798 827 1091 898 animadverteient
1103 855 1156 900 se·

95 965 266 1011 mennon
293 945 432 1012 retinere
460 953 669 1035 conceptum,
696 953 887 1036 conpertum
913 943 1096 1012 habuerunt
1123 946 1157 1014 id

66 1057 189 1149 equod
214 1058 297 1124 intra
321 1081 383 1125 sex
410 1058 477 1126 dies
507 1068 675 1149 septemve
707 1059 882 1127 eiciebatur
909 1081 982 1127 esse
1008 1057 1158 1144 lacteum,

98 1181 134 1239 et
150 1179 351 1240 vocaverunt
371 1169 517 1261 inpacta,
547 1173 634 1264 quod
663 1183 777 1262 postea
799 1181 908 1240 autem
935 1177 1157 1264 sangiuneum,

96 1285 196 1376 idque
215 1284 402 1374 ἐκτρωσμός
423 1286 610 1378 appellatur.
651 1287 753 1372 'Quod
774 1311 852 1355 vero
870 1287 964 1356 ambo
978 1297 1090 1378 partus
1107 1290 1155 1356 vi·
1170 1306 1205 1360 11

96 1400 216 1468 dentur
236 1401 364 1490 paribus
388 1401 511 1470 dierum
530 1402 672 1469 numeris
691 1402 861 1482 contineri,
883 1401 1156 1492 Pythagoras‘iu·

96 1535 212 1604 parem
238 1513 361 1598 laudat,
390 1526 499 1584 tamen
522 1525 651 1584 asceta
677 1538 743 1583 non
772 1514 940 1605 discrepet.
968 1515 1047 1586 ‘duo
1071 1519 1156 1586 enim

50 1645 83 1686 10
96 1630 226 1719 inpares
250 1628 395 1699 GOVllll
416 1639 449 1697 et
470 1627 667 1698 ccuxxtfl
688 1629 763 1697 dicit
785 1627 923 1720 expleri,
953 1630 994 1698 ad
1017 1653 1155 1722 quorum

94 1747 409 1814 consummationem
431 1742 549 1836 aliquid
571 1743 841 1836 exsequentibus
869 1743 1040 1827 accedere,
1068 1746 1155 1837 quod

93 1870 206 1942 tamen
234 1861 320 1927 diem
347 1857 484 1928 solidum
510 1883 576 1927 non
607 1861 726 1928 aflerat
776 1859 877 1928 Cuius
898 1859 1085 1949 exemplum
1104 1863 1154 1929 vi-
1168 1877 1205 1930 12

95 1975 210 2042 demus
234 1983 300 2042 tam
320 1976 354 2040 in
376 1976 451 2041 anni
478 1977 575 2065 quam
603 1974 724 2041 mensis
751 1973 856 2060 spatio
884 1993 1033 2038 servasse
1060 1983 1154 2042 nata-

94 2113 175 2173 ram,
196 2111 272 2158 oum
288 2097 322 2156 et
338 2089 413 2156 anni
429 2089 589 2178 imparem
612 2087 736 2152 diorum
751 2092 970 2150 trecentorum
986 2087 1154 2178 sexaginta

51 2225 80 2266 15
96 2206 240 2295 ‹prinque
261 2225 434 2271 numerum
456 2200 618 2290 eliquanto
642 2197 853 2267 cumulaverit
875 2207 907 2267 et
923 2203 1028 2268 mensi
1049 2202 1155 2270 lunari

92 2319 136 2384 ud
157 2319 227 2398 dies
249 2316 465 2406 undetriginta
487 2313 607 2405 aliquid
629 2313 794 2382 addiderit

180 2430 251 2498 Xll.
284 2431 357 2500 Nec
378 2433 457 2497 vero
478 2427 664 2498 incredibile
686 2439 737 2496 est
750 2429 930 2499 adnostros
943 2430 1181 2500 natalesmu·1

89 2547 194 2613 sicam
205 2547 374 2638 pertinere.
408 2543 490 2612 haec
510 2545 595 2612 enim
616 2546 735 2614 sivein
751 2569 834 2626 voce
854 2546 1077 2614 tantummodo
1094 2555 1151 2632 est,

89 2669 130 2729 ut
152 2661 305 2728 Socrates
326 2663 379 2742 ait,
401 2661 480 2740 sive,
502 2669 539 2726 ut
558 2659 781 2741 Aristoxenus,
802 2661 835 2726 in
854 2682 937 2727 voce
958 2668 992 2725 et
1009 2661 1153 2748 corporis

50 2783 200 2856 rnmobu,
228 2773 352 2840 sivein
373 2771 422 2838 his
445 2781 479 2838 et
498 2779 666 2862 praeterea
694 2772 728 2836 in
756 2771 852 2838 animi
871 2781 979 2855 motu,
1005 2781 1042 2840 ut
1059 2781 1154 2864 putat

90 2885 347 2979 Theophrastus,
369 2895 456 2956 certe
478 2884 616 2954 multum
639 2885 762 2955 obtinet
790 2885 960 2954 divinitatis
983 2895 1016 2954 et
1037 2888 1150 2954 ommis

89 3002 318 3094 permovendis
340 3002 513 3094 plurimum
536 2999 632 3068 volet
676 3001 762 3070 Nam
781 3003 843 3068 nisi
869 3011 962 3094 grata
989 3011 1077 3070 esset
1097 3004 1180 3072 in-2

89 3114 278 3183 mortalibus
291 3116 368 3200 deis,
381 3119 434 3209 qui
450 3139 492 3185 ex
504 3117 611 3184 ,anima
623 3125 771 3184 constant
791 3116 906 3200 divina,
921 3118 1066 3207 proiecto
1080 3116 1149 3185 ludi

90 3231 211 3298 scenici
232 3228 463 3320 placandorum
492 3230 627 3298 deorum
654 3253 751 3298 causa
778 3232 912 3298 instituti
938 3251 1003 3297 non
1032 3240 1150 3314 essent,

52 3373 78 3414 rs
91 3367 154 3414 nec
182 3343 299 3414 tibicen
332 3343 479 3414 omnibus
509 3343 793 3436 supplicationibus
826 3343 858 3407 in
889 3344 988 3410 sacris
1018 3343 1149 3410 aedibus

89 3547 220 3609 ttleudet
259 3546 331 3604 duos
371 3551 409 3605 10
419 3554 448 3604 et
460 3545 633 3604 CCLXXlX
666 3544 703 3604 14
714 3543 876 3602 CCCXLV
909 3547 1135 3605 asconstexan

89 3747 104 3800 1
127 3743 228 3798 mirari
246 3739 310 3809 DR,
329 3729 434 3796 minari
452 3737 471 3806 l,
490 3739 594 3796 mnium
613 3735 680 3796 edd.
701 3745 769 3794 vett.
856 3739 874 3795 3
893 3737 1016 3815 mater
1033 3739 1146 3816 DRgm,

86 3817 215 3895 providet
234 3818 253 3876 l.
343 3813 364 3871 4
382 3813 528 3872 habuerim
545 3814 575 3874 id
593 3818 623 3873 in
642 3813 717 3891 quod
735 3814 771 3871 D.
865 3817 883 3870 6
904 3834 1049 3890 emycuv
1067 3815 1104 3872 D.

87 3900 106 3954 8
126 3897 262 3972 inportare
280 3896 336 3970 Rg,
354 3895 525 3968 inpoenitens
544 3891 564 3948 l.
661 3897 679 3951 s
698 3889 795 3950 laudet
813 3883 877 3962 DR,
896 3891 996 3950 laudat
1014 3891 1053 3968 gl.

87 3977 123 4030 11
145 3978 286 4045 mactent.
306 3971 344 4026 D.
441 3972 478 4027 19
497 3969 542 4024 ott
559 3969 639 4026 Scor.
659 3968 695 4024 D.
778 3970 910 4028 Ariston.
931 3970 961 4026 iu
980 3967 1053 4024 libro
1075 3966 1143 4043 περὶ

85 4047 240 4120 μουσικῆς
258 4066 284 4106 v.
304 4043 410 4104 Mahue
423 4043 460 4102 de
470 4041 555 4102 Arist.
576 4065 606 4122 p.
619 4047 748 4120 137sqq.
823 4051 858 4104 21
880 4043 981 4116 tboofr.
1001 4043 1038 4100 D.
1060 4043 1141 4103 The-

86 4123 222 4202 pbrastus
243 4123 272 4192 in
292 4123 364 4180 libro
391 4117 458 4197 περὶ
484 4119 650 4196 μουσικῆς,
676 4119 712 4178 de
739 4139 795 4196 quo
817 4141 841 4178 v.
861 4119 977 4198 Menag.
998 4117 1036 4178 ad
1055 4117 1143 4199 Diog.

87 4203 120 4258 Ι..
136 4199 172 4268 V,
182 4202 228 4257 47.
288 4201 325 4255 25
344 4215 420 4255 socr.
441 4195 569 4254 aroniim
590 4195 744 4253 Cauchius.
