2896 4896
260 435 322 476 vm
404 381 409 390 ’
652 409 962 470 ruounooumua

261 591 336 657 stat
377 579 560 654 Utilitatem
587 578 686 650 huius
711 575 790 648 libri
809 577 912 650 ualde
937 577 1113 672 praedicat
1132 577 1328 674 Cassiodo-

260 731 333 800 rus,
360 710 417 805 qui
443 709 479 780 in
503 706 591 779 libro
618 705 662 778 de
688 705 820 778 musica
848 704 900 799 (p.
918 701 1033 798 573J:
1061 705 1325 797 „Invenimus,''

260 839 319 928 eit,
346 837 474 928 „etiam
491 832 790 921 Censorinum,
811 833 869 927 qui
891 831 934 902 ad
949 830 990 917 Q.
1005 828 1187 904 Corellium
1208 836 1326 928 scrip-

261 967 304 1039 sit
329 963 375 1036 de
400 961 503 1036 nutdi
531 959 604 1032 eius
632 958 706 1050 die,
741 957 799 1030 ubi
833 959 877 1031 de
902 959 1032 1030 musica
1064 959 1240 1056 disciplina
1265 959 1327 1034 vel

261 1090 305 1164 de
317 1089 393 1160 ¹alia
419 1097 517 1184 parte
542 1085 704 1160 mathesis
722 1106 793 1157 non
809 1085 1018 1180 negiigenda
1041 1086 1215 1178 disseruit,
1231 1109 1324 1182 quo·-

259 1219 351 1290 nium
376 1237 446 1290 non
472 1213 634 1286 inutiliter
658 1211 797 1306 legitur,
822 1221 859 1282 ut
878 1235 942 1298 res
962 1213 1060 1306 ipsae
1077 1212 1323 1308 penetrabilius

262 1345 375 1416 animo
402 1342 573 1437 frequenti
599 1339 819 1414 meditatione
841 1338 1065 1412 condantur.''
1106 1341 1214 1434 igitur
1233 1339 1324 1436 quod

263 1469 476 1545 Censorinus
496 1468 549 1564 [p.
563 1466 710 1559 23,15)
733 1467 896 1540 musicam
914 1476 1018 1540 uocat
1034 1469 1212 1542 scientiam
1233 1465 1325 1540 bene

261 1596 477 1687 modulandi,
511 1596 621 1669 statim
646 1596 682 1666 in
708 1617 781 1668 rem
817 1616 913 1668 suam
945 1597 1049 1668 vertit
1082 1593 1325 1684 Cassiodorus,

259 1725 420 1820 idemque
445 1725 481 1794 in
504 1720 592 1796 lihro
620 1722 665 1795 de
690 1723 881 1817 geometria
907 1720 1093 1817 (p.5tt]:
1122 1719 1324 1813 „Censo-

260 1852 417 1944 rinus,'’
438 1851 497 1942 ait,
524 1851 587 1942 „in
607 1847 709 1941 libro,
726 1871 827 1945 quem
845 1849 980 1943 scripsit
1002 1848 1047 1919 ad
1065 1848 1106 1936 Q.
1125 1847 1325 1940 Corellium,

261 1981 370 2075 spatia
403 1980 478 2075 ipsu
512 1977 601 2051 caeli
632 1986 815 2072 terraeque
849 1973 1009 2048 ambitum
1050 1999 1114 2072 per
1146 1998 1326 2050 numerum

261 2106 447 2178 stadiorum
468 2107 626 2180 distinctu
649 2106 846 2178 curiositate
865 2103 1059 2198 descripsit,
1082 2123 1181 2199 quern
1200 2106 1230 2178 si
1248 2104 1326 2198 quis

258 2253 448 2306 recensere
475 2230 636 2320 voluerit,
662 2231 764 2305 multa
783 2229 1061 2327 philosophorum
1081 2233 1246 2326 mysteria
1267 2230 1326 2302 ubi

259 2359 384 2454 legerit
402 2357 591 2453 agnoscet'
609 2355 676 2451 [ci.
693 2353 837 2428 Censor.
851 2381 884 2451 p.
896 2358 958 2447 31,
975 2357 1022 2431 13
1035 2355 1140 2453 sqq).
1171 2357 1219 2430 Et
1236 2381 1325 2432 vero

259 2495 382 2584 postea
410 2505 557 2580 quoque
572 2483 660 2579 apud
687 2482 810 2556 doctos
837 2484 934 2556 viros
966 2505 1104 2579 semper
1132 2482 1327 2559 Censorino

259 2615 383 2687 mansit
408 2612 482 2686 iaus
510 2619 691 2684 semirutae
717 2609 894 2682 doctrinae
921 2618 955 2682 et
981 2611 1129 2705 optimae
1149 2609 1243 2701 fidei,
1264 2614 1328 2686 in-

260 2751 314 2815 ter
341 2763 426 2837 quos
454 2741 483 2814 si
509 2739 589 2814 Ios.
612 2737 830 2832 Scaligeri
857 2746 892 2810 et
917 2736 1079 2810 Ideleri
1104 2759 1229 2832 magna
1255 2761 1326 2812 no-

261 2869 352 2940 mina
379 2865 580 2957 adhibuero,
608 2865 764 2939 omnihus
786 2863 994 2938 satisfactum
1012 2867 1086 2937 erit.
1124 2865 1246 2960 Neque
1260 2888 1326 2939 nos

262 3013 446 3090 possumus
472 2995 552 3088 quin
578 2995 667 3086 grati
687 3011 928 3086 agnoscamus,
953 3013 1069 3064 rerum
1088 2999 1191 3086 atque
1209 2995 1327 3089 serip-

263 3130 374 3195 torum
400 3118 490 3191 haud
516 3141 702 3216 paucorum
727 3119 879 3190 notitiam
897 3117 996 3193 nohis
1012 3118 1193 3193 tradidisse
1216 3119 1328 3194 scium

264 3257 322 3321 aut
346 3270 431 3345 prae
458 3247 584 3320 ceteris
605 3244 845 3337 Censorinum,
871 3248 1025 3341 quamvis
1051 3244 1119 3318 hoc
1144 3248 1219 3322 eius
1246 3269 1326 3322 me·-

183 3422 184 3426 ,
263 3377 364 3448 ritum
388 3377 500 3448 minus
528 3375 603 3448 sine
631 3372 732 3446 dubio
759 3373 863 3466 foret,
880 3377 908 3447 si
929 3372 1029 3446 nobis
1054 3372 1098 3443 ad
1116 3375 1222 3468 ipsius
1241 3374 1326 3448 fon-

265 3512 318 3574 tes
343 3501 402 3575 vel
428 3503 541 3597 potius
568 3501 698 3574 fontem
723 3503 919 3597 primarium
945 3498 1062 3571 redire
1082 3498 1214 3573 liceret.
1248 3501 1327 3575 Non

265 3636 379 3723 potest
406 3628 496 3698 enim
524 3627 659 3700 dubium
689 3650 784 3720 esse,
811 3631 890 3724 quin
907 3627 1044 3699 Varro
1070 3629 1100 3700 is
1127 3637 1246 3702 auctor
1272 3632 1326 3720 sit,

262 3775 367 3849 quem
394 3751 519 3848 ubique
545 3752 622 3825 fere
647 3764 785 3828 secutus
813 3764 865 3828 est
886 3751 1111 3843 Censorinus,
1138 3758 1233 3829 cuius
1251 3779 1327 3828 oum

267 3881 468 3979 saepissime
493 3883 570 3977 ipse
597 3883 805 3954 mentionem
826 3879 940 3972 iaciat,
967 3891 1035 3952 tum
1055 3881 1129 3954 eliis
1150 3881 1236 3958 locis
1256 3883 1325 3958 ho-

267 4008 390 4106 dieque
418 4006 556 4106 probari
580 4017 694 4105 potest
714 4031 791 4082 eum
819 4009 986 4084 Varronis
1005 4011 1205 4082 auctoritate
1228 4032 1325 4083 usum

267 4157 347 4210 esse
374 4145 408 4208 et
434 4159 481 4210 ex
507 4136 689 4211 doctissimi
717 4136 783 4208 viri
809 4135 1003 4227 ingentibus
1026 4135 1152 4212 divitiis
1175 4136 1325 4233 copiolas
